{"gold_per_floor":[16,36,47,47,122,122,132,132,132,132,150,184,195,195,195,269,269,288,303,303,303,303],"floor_reached":22,"playtime":1950,"items_purged":[],"score":372,"play_id":"67b01ae6-351a-4e98-948a-86c8ae2bcbad","local_time":"20230822192731","is_ascension_mode":true,"campfire_choices":[{"data":"Zap","floor":6,"key":"SMITH"},{"data":"Coolheaded","floor":8,"key":"SMITH"},{"data":"Electrodynamics","floor":10,"key":"SMITH"},{"floor":15,"key":"REST"}],"neow_cost":"NO_GOLD","seed_source_timestamp":28044295815708,"circlet_count":0,"master_deck":["AscendersBane","Strike_B","Strike_B","Strike_B","Strike_B","Defend_B","Defend_B","Defend_B","Defend_B","Zap+1","Dualcast","Electrodynamics+1","Coolheaded+1","Genetic Algorithm","Undo","Cold Snap","Echo Form","Hologram","Seek","Capacitor","Heatsinks"],"special_seed":0,"relics":["Cracked Core","WingedGreaves","Snecko Eye"],"potions_floor_usage":[12,16,16],"damage_taken":[{"damage":0,"enemies":"2 Louse","floor":1,"turns":1},{"damage":0,"enemies":"Small Slimes","floor":2,"turns":2},{"damage":7,"enemies":"Jaw Worm","floor":3,"turns":3},{"damage":8,"enemies":"Large Slime","floor":7,"turns":6},{"damage":0,"enemies":"2 Fungi Beasts","floor":11,"turns":3},{"damage":41,"enemies":"Gremlin Nob","floor":12,"turns":4},{"damage":0,"enemies":"Blue Slaver","floor":13,"turns":3},{"damage":4,"enemies":"Slime Boss","floor":16,"turns":8},{"damage":12,"enemies":"Chosen","floor":18,"turns":9},{"damage":9,"enemies":"3 Byrds","floor":19,"turns":4},{"damage":45,"enemies":"Shelled Parasite and Fungi","floor":22,"turns":5}],"seed_played":"6956775053126128245","potions_obtained":[{"floor":2,"key":"Regen Potion"},{"floor":7,"key":"PotionOfCapacity"},{"floor":13,"key":"Weak Potion"}],"is_trial":false,"path_per_floor":["M","M","M","?","?","R","M","R","T","R","M","E","M","?","R","B",null,"M","M","?","?","M"],"character_chosen":"DEFECT","basemod:card_modifiers":[null,null,null,null,null,null,null,null,null,null,null,null,null,null,null,null,null,null,null,null,null],"items_purchased":[],"campfire_rested":1,"item_purchase_floors":[],"current_hp_per_floor":[64,64,57,62,51,51,43,43,43,43,43,7,7,7,29,25,63,51,42,42,42,0],"gold":303,"neow_bonus":"THREE_RARE_CARDS","is_prod":false,"is_daily":false,"chose_seed":false,"campfire_upgraded":3,"win_rate":0,"timestamp":1692746851,"path_taken":["M","M","M","?","?","R","M","R","T","R","M","E","M","?","R","BOSS","M","M","?","?","M"],"build_version":"2022-12-01","purchased_purges":0,"victory":false,"max_hp_per_floor":[71,71,71,76,76,76,76,76,76,76,76,76,76,76,76,76,76,76,76,76,76,76],"card_choices":[{"not_picked":["Meteor Strike","Rainbow"],"picked":"Electrodynamics","floor":0.0},{"not_picked":["Turbo","Go for the Eyes"],"picked":"Coolheaded","floor":1},{"not_picked":["Redo","Streamline"],"picked":"Genetic Algorithm","floor":2},{"not_picked":["Redo","Beam Cell"],"picked":"Undo","floor":3},{"not_picked":["Leap","Tempest"],"picked":"Cold Snap","floor":7},{"not_picked":["Auto Shields","Melter"],"picked":"Echo Form","floor":11},{"not_picked":["Sweeping Beam","Stack"],"picked":"Hologram","floor":12},{"not_picked":["Rip and Tear","Go for the Eyes","Cold Snap"],"picked":"SKIP","floor":13},{"not_picked":["Core Surge","All For One"],"picked":"Seek","floor":16},{"not_picked":["Conserve Battery","Steam Power","Undo"],"picked":"SKIP","floor":18},{"not_picked":["Coolheaded","Double Energy"],"picked":"Capacitor","floor":19}],"player_experience":65028,"relics_obtained":[{"floor":12,"key":"WingedGreaves"}],"event_choices":[{"damage_healed":0,"gold_gain":0,"player_choice":"Donut","damage_taken":0,"max_hp_gain":5,"max_hp_loss":0,"event_name":"Big Fish","floor":4,"gold_loss":0},{"damage_healed":0,"gold_gain":75,"player_choice":"Gather Gold","damage_taken":11,"max_hp_gain":0,"max_hp_loss":0,"event_name":"World of Goop","floor":5,"gold_loss":0},{"damage_healed":0,"gold_gain":0,"player_choice":"Ignored","damage_taken":0,"max_hp_gain":0,"max_hp_loss":0,"event_name":"Liars Game","floor":14,"gold_loss":0},{"damage_healed":0,"gold_gain":0,"player_choice":"Ignored","damage_taken":0,"max_hp_gain":0,"max_hp_loss":0,"event_name":"Ghosts","floor":20,"gold_loss":0},{"damage_healed":0,"gold_gain":0,"player_choice":"Read","damage_taken":0,"max_hp_gain":0,"max_hp_loss":0,"event_name":"The Library","floor":21,"gold_loss":0,"cards_obtained":["Heatsinks"]}],"is_beta":false,"boss_relics":[{"not_picked":["Runic Pyramid","Cursed Key"],"picked":"Snecko Eye"}],"items_purged_floors":[],"is_endless":false,"potions_floor_spawned":[2,7,11,13],"killed_by":"Shelled Parasite and Fungi","ascension_level":20}