{"gold_per_floor":[16,30,45,59,59,59,91,91,91,116,133,133,29,41,41,118,118,138,152,152,170,186,186,196,196,196,211,221,221],"floor_reached":29,"playtime":2526,"items_purged":["Strike_B"],"score":507,"play_id":"8cb2280d-8a84-4df4-9273-617b8ab89024","local_time":"20230824154625","is_ascension_mode":true,"campfire_choices":[{"data":"Defragment","floor":6.0,"key":"SMITH"},{"floor":8.0,"key":"REST"},{"floor":12,"key":"REST"},{"data":"Hologram","floor":15,"key":"SMITH"},{"floor":23,"key":"REST"},{"data":"Seek","floor":25,"key":"SMITH"}],"neow_cost":"NO_GOLD","seed_source_timestamp":74903198683208,"circlet_count":0,"master_deck":["AscendersBane","Strike_B","Strike_B","Defend_B","Defend_B","Defend_B","Defend_B","Zap","Dualcast","Defragment+1","Hologram+1","Compile Driver","Turbo","Go for the Eyes","Biased Cognition","Darkness","Redo","Seek+1","Echo Form","Coolheaded","BootSequence","Compile Driver","Meteor Strike","Conserve Battery","Electrodynamics","Self Repair","Capacitor","Glacier"],"special_seed":0,"relics":["Cracked Core","HornCleat","Mango","Prayer Wheel","Nuclear Battery","Turnip"],"potions_floor_usage":[16,22,29],"damage_taken":[{"damage":10.0,"enemies":"2 Louse","floor":1.0,"turns":2.0},{"damage":1.0,"enemies":"Cultist","floor":2.0,"turns":4.0},{"damage":10.0,"enemies":"Small Slimes","floor":3.0,"turns":3.0},{"damage":53.0,"enemies":"Gremlin Gang","floor":4.0,"turns":5.0},{"damage":74.0,"enemies":"Gremlin Nob","floor":7.0,"turns":5.0},{"damage":33,"enemies":"Lagavulin","floor":10,"turns":6},{"damage":4,"enemies":"3 Louse","floor":11,"turns":3},{"damage":0,"enemies":"2 Fungi Beasts","floor":14,"turns":2},{"damage":18,"enemies":"Slime Boss","floor":16,"turns":4},{"damage":25,"enemies":"Shell Parasite","floor":18,"turns":4},{"damage":18,"enemies":"3 Byrds","floor":19,"turns":5},{"damage":1,"enemies":"Centurion and Healer","floor":21,"turns":6},{"damage":19,"enemies":"Cultist and Chosen","floor":22,"turns":5},{"damage":14,"enemies":"Snake Plant","floor":24,"turns":4},{"damage":0,"enemies":"Centurion and Healer","floor":27,"turns":6},{"damage":28,"enemies":"Shelled Parasite and Fungi","floor":28,"turns":5},{"damage":29,"enemies":"Book of Stabbing","floor":29,"turns":6}],"seed_played":"-1445291084665405532","potions_obtained":[{"floor":1.0,"key":"Energy Potion"},{"floor":10,"key":"Weak Potion"},{"floor":14,"key":"Strength Potion"},{"floor":19,"key":"FearPotion"},{"floor":21,"key":"SpeedPotion"}],"is_trial":false,"path_per_floor":["M","M","M","M","?","R","E","R","T","E","M","R","$","M","R","B",null,"M","M","?","M","M","R","M","R","T","M","M","E"],"character_chosen":"DEFECT","basemod:card_modifiers":[null,null,null,null,null,null,null,null,null,null,null,null,null,null,null,null,null,null,null,null,null,null,null,null,null,null,null,null],"items_purchased":["Redo"],"campfire_rested":3,"item_purchase_floors":[13],"current_hp_per_floor":[68,67,57,4,85,85,11,36,50,17,13,42,42,42,42,24,80,55,37,37,36,17,46,32,32,32,46,25,0],"gold":221,"neow_bonus":"TWENTY_PERCENT_HP_BONUS","is_prod":false,"is_daily":false,"chose_seed":false,"campfire_upgraded":3,"win_rate":0,"timestamp":1692906385,"path_taken":["M","M","M","M","?","R","E","R","T","E","M","R","$","?","R","BOSS","M","?","?","M","M","R","M","R","T","M","?","E"],"build_version":"2022-12-01","purchased_purges":1,"victory":false,"max_hp_per_floor":[85,85,85,85,85,85,85,85,99,99,99,99,99,99,99,99,99,99,99,99,99,99,99,99,99,99,99,99,99],"card_choices":[{"not_picked":["Barrage","Beam Cell"],"picked":"Defragment","floor":1.0},{"not_picked":["Go for the Eyes","Stack"],"picked":"Hologram","floor":2.0},{"not_picked":["Steam","Go for the Eyes"],"picked":"Compile Driver","floor":3.0},{"not_picked":["Barrage","Streamline"],"picked":"Turbo","floor":4.0},{"not_picked":["Scrape","Steam"],"picked":"Go for the Eyes","floor":7.0},{"not_picked":["Lockon","Chaos"],"picked":"Biased Cognition","floor":10},{"not_picked":["Steam","Hologram"],"picked":"Darkness","floor":11},{"not_picked":["Stack","Beam Cell","Scrape"],"picked":"SKIP","floor":11},{"not_picked":["Reinforced Body","Streamline"],"picked":"Seek","floor":14},{"not_picked":["Redo","Sweeping Beam","Streamline"],"picked":"SKIP","floor":14},{"not_picked":["All For One","Buffer"],"picked":"Echo Form","floor":16},{"not_picked":["Double Energy","Gash"],"picked":"Coolheaded","floor":18},{"not_picked":["Leap","Turbo","Go for the Eyes+1"],"picked":"SKIP","floor":18},{"not_picked":["Conserve Battery","Redo"],"picked":"BootSequence","floor":19},{"not_picked":["Barrage","Fusion"],"picked":"Compile Driver","floor":19},{"not_picked":["Double Energy","Turbo"],"picked":"Conserve Battery","floor":21},{"not_picked":["Stack","Barrage","Go for the Eyes"],"picked":"SKIP","floor":21},{"not_picked":["Reprogram","Sweeping Beam+1"],"picked":"Electrodynamics","floor":22},{"not_picked":["Compile Driver+1","Redo","Hologram"],"picked":"SKIP","floor":22},{"not_picked":["Hologram","Cold Snap"],"picked":"Self Repair","floor":24},{"not_picked":["Conserve Battery","Rebound","Tempest"],"picked":"SKIP","floor":24},{"not_picked":["Chaos","Coolheaded"],"picked":"Capacitor","floor":27},{"not_picked":["White Noise","Blizzard","BootSequence"],"picked":"SKIP","floor":27},{"not_picked":["Force Field","Coolheaded"],"picked":"Glacier","floor":28},{"not_picked":["Redo","Stack","Compile Driver"],"picked":"SKIP","floor":28}],"player_experience":78054,"relics_obtained":[{"floor":7.0,"key":"HornCleat"},{"floor":9.0,"key":"Mango"},{"floor":10,"key":"Prayer Wheel"},{"floor":26,"key":"Turnip"}],"event_choices":[{"damage_healed":81.0,"max_hp_gain":0.0,"max_hp_loss":0.0,"gold_gain":0.0,"event_name":"Wheel of Change","player_choice":"Full Heal","floor":5.0,"gold_loss":0.0,"damage_taken":0.0},{"damage_healed":0,"gold_gain":0,"cards_transformed":["Strike_B"],"player_choice":"Transformed","damage_taken":0,"max_hp_gain":0,"max_hp_loss":0,"event_name":"Transmorgrifier","floor":20,"gold_loss":0,"cards_obtained":["Meteor Strike"]}],"is_beta":false,"boss_relics":[{"not_picked":["Velvet Choker","Coffee Dripper"],"picked":"Nuclear Battery"}],"items_purged_floors":[13],"is_endless":false,"potions_floor_spawned":[1,10,14,19,21],"killed_by":"Book of Stabbing","ascension_level":20}