{"gold_per_floor":[115,128,138,103,103,103,134,144,144,144,27,53,53,13,13,104,104,120,120],"floor_reached":19,"playtime":1012,"items_purged":["Strike_B"],"score":350,"play_id":"40728e3c-305a-4948-9bbd-a80c6b087957","local_time":"20230820131442","is_ascension_mode":true,"campfire_choices":[{"data":"Doom and Gloom","floor":6.0,"key":"SMITH"},{"floor":10.0,"key":"REST"},{"floor":15,"key":"REST"}],"neow_cost":"NONE","seed_source_timestamp":7223564220166,"circlet_count":0,"master_deck":["AscendersBane","Strike_B","Strike_B","Strike_B","Defend_B","Defend_B","Defend_B","Zap","Dualcast","Doom and Gloom+1","Compile Driver","Turbo","Defragment","Rebound+1","Undo","Go for the Eyes+1","Melter+1","Multi-Cast","BootSequence"],"special_seed":0,"relics":["Cracked Core","Molten Egg 2","Potion Belt","Pear","Bag of Marbles","Golden Idol","Coffee Dripper"],"potions_floor_usage":[12],"damage_taken":[{"damage":7.0,"enemies":"Jaw Worm","floor":1.0,"turns":3.0},{"damage":8.0,"enemies":"2 Louse","floor":2.0,"turns":3.0},{"damage":1.0,"enemies":"Cultist","floor":3.0,"turns":3.0},{"damage":26.0,"enemies":"Lagavulin","floor":7.0,"turns":6.0},{"damage":11.0,"enemies":"Looter","floor":8.0,"turns":2.0},{"damage":14,"enemies":"Gremlin Nob","floor":12,"turns":4},{"damage":27,"enemies":"The Guardian","floor":16,"turns":10},{"damage":33,"enemies":"3 Byrds","floor":18,"turns":4},{"damage":38,"enemies":"Chosen","floor":19,"turns":3}],"seed_played":"3152484481202372683","potions_obtained":[{"floor":1.0,"key":"EntropicBrew"},{"floor":2.0,"key":"Ancient Potion"},{"floor":18,"key":"BlessingOfTheForge"}],"is_trial":false,"path_per_floor":["M","M","M","?","?","R","E","M","T","R","$","E","?","$","R","B",null,"M","M"],"character_chosen":"DEFECT","basemod:card_modifiers":[null,null,null,null,null,null,null,null,null,null,null,null,null,null,null,null,null,null,null],"items_purchased":["Undo","Melter+1"],"campfire_rested":2,"item_purchase_floors":[11,14],"current_hp_per_floor":[57,49,48,65,39,39,13,2,12,36,36,22,22,22,43,16,59,26,0],"gold":120,"neow_bonus":"REMOVE_CARD","is_prod":false,"is_daily":false,"chose_seed":false,"campfire_upgraded":1,"win_rate":0,"timestamp":1692551682,"path_taken":["M","M","M","?","?","R","E","M","T","R","$","E","?","?","R","BOSS","M","?"],"build_version":"2022-12-01","purchased_purges":1,"victory":false,"max_hp_per_floor":[71,71,71,71,71,71,71,71,81,81,81,81,73,73,73,73,73,73,73],"card_choices":[{"not_picked":["Static Discharge","Gash"],"picked":"Doom and Gloom","floor":1.0},{"not_picked":["Hologram","Barrage"],"picked":"Compile Driver","floor":2.0},{"not_picked":["Force Field","Steam"],"picked":"Turbo","floor":3.0},{"not_picked":["Force Field","Go for the Eyes+1"],"picked":"Defragment","floor":7.0},{"not_picked":["Turbo","Capacitor"],"picked":"Rebound+1","floor":8.0},{"not_picked":["Darkness","Skim"],"picked":"Go for the Eyes+1","floor":12},{"not_picked":["Hyperbeam+1","Amplify"],"picked":"Multi-Cast","floor":16},{"not_picked":["Barrage+1","Compile Driver+1"],"picked":"BootSequence","floor":18}],"player_experience":32138,"relics_obtained":[{"floor":7.0,"key":"Potion Belt"},{"floor":9.0,"key":"Pear"},{"floor":12,"key":"Bag of Marbles"}],"event_choices":[{"damage_healed":17.0,"max_hp_gain":0.0,"max_hp_loss":0.0,"gold_gain":0.0,"event_name":"The Cleric","player_choice":"Healed","floor":4.0,"gold_loss":35.0,"damage_taken":0.0},{"damage_healed":0.0,"max_hp_gain":0.0,"max_hp_loss":0.0,"gold_gain":0.0,"event_name":"Scrap Ooze","player_choice":"Success","floor":5.0,"gold_loss":0.0,"damage_taken":26.0,"relics_obtained":["Molten Egg 2"]},{"damage_healed":0,"gold_gain":0,"player_choice":"Lose Max HP","damage_taken":0,"relics_obtained":["Golden Idol"],"max_hp_gain":0,"max_hp_loss":8,"event_name":"Golden Idol","floor":13,"gold_loss":0}],"is_beta":false,"boss_relics":[{"not_picked":["Ectoplasm","Tiny House"],"picked":"Coffee Dripper"}],"items_purged_floors":[11],"is_endless":false,"potions_floor_spawned":[1,2,18],"killed_by":"Chosen","ascension_level":20}