{"gold_per_floor":[16,33,33,33,8,8,8,27,27,27,62,6,50,69,69,69],"floor_reached":16,"playtime":723,"items_purged":[],"score":216,"play_id":"9ab349b7-0e81-403c-94b5-b1bd9dd6e783","local_time":"20230820132655","is_ascension_mode":true,"campfire_choices":[{"data":"Streamline","floor":6,"key":"SMITH"},{"floor":10,"key":"REST"},{"floor":15,"key":"REST"}],"neow_cost":"NO_GOLD","seed_source_timestamp":8299357744375,"circlet_count":0,"master_deck":["AscendersBane","Strike_B","Strike_B","Defend_B","Defend_B","Defend_B","Zap+1","Dualcast","Gash+1","Leap","Rebound","Gash","Streamline+1","Static Discharge","Darkness","Compile Driver","Turbo","Cold Snap"],"relics":["Cracked Core","Golden Idol","Ginger","Kunai"],"potions_floor_usage":[11,14],"damage_taken":[{"damage":3,"enemies":"Jaw Worm","floor":1,"turns":4},{"damage":1,"enemies":"2 Louse","floor":2,"turns":3},{"damage":3,"enemies":"Small Slimes","floor":8,"turns":2},{"damage":15,"enemies":"Lagavulin","floor":11,"turns":5},{"damage":26,"enemies":"3 Sentries","floor":13,"turns":5},{"damage":6,"enemies":"Looter","floor":14,"turns":2},{"damage":25,"enemies":"Hexaghost","floor":16,"turns":7}],"seed_played":"2784289001730219598","potions_obtained":[{"floor":1,"key":"DistilledChaos"},{"floor":8,"key":"FocusPotion"}],"is_trial":false,"path_per_floor":["M","M","?","?","$","R","?","M","T","R","E","$","E","M","R","B"],"character_chosen":"DEFECT","basemod:card_modifiers":[null,null,null,null,null,null,null,null,null,null,null,null,null,null,null,null,null,null],"items_purchased":["Streamline","Compile Driver"],"campfire_rested":2,"item_purchase_floors":[5,12],"current_hp_per_floor":[61,60,60,53,53,53,34,31,31,50,35,35,9,3,22,0],"gold":69,"neow_bonus":"TRANSFORM_TWO_CARDS","is_prod":false,"is_daily":false,"chose_seed":false,"campfire_upgraded":1,"win_rate":0,"timestamp":1692552415,"path_taken":["M","M","?","?","?","R","?","M","T","R","E","?","E","M","R","BOSS"],"build_version":"2022-12-01","purchased_purges":0,"victory":false,"max_hp_per_floor":[71,71,64,64,64,64,64,64,64,64,64,64,64,64,64,64],"card_choices":[{"not_picked":["Chill","Turbo"],"picked":"Rebound","floor":1},{"not_picked":["Static Discharge","Barrage"],"picked":"Gash","floor":2},{"not_picked":["Barrage","Leap"],"picked":"Static Discharge","floor":8},{"not_picked":["Conserve Battery","FTL"],"picked":"Darkness","floor":11},{"not_picked":["Conserve Battery","Stack"],"picked":"Turbo","floor":13},{"not_picked":["Gash","FTL"],"picked":"Cold Snap","floor":14}],"player_experience":33150,"relics_obtained":[{"floor":11,"key":"Ginger"},{"floor":13,"key":"Kunai"}],"event_choices":[{"damage_healed":0,"gold_gain":0,"player_choice":"Lose Max HP","damage_taken":0,"relics_obtained":["Golden Idol"],"max_hp_gain":0,"max_hp_loss":7,"event_name":"Golden Idol","floor":3,"gold_loss":0},{"cards_removed":["Strike_B"],"damage_healed":0,"gold_gain":0,"player_choice":"Card Removal","damage_taken":7,"max_hp_gain":0,"max_hp_loss":0,"event_name":"Golden Wing","floor":4,"gold_loss":0},{"damage_healed":0,"gold_gain":0,"player_choice":"Entered Light","damage_taken":19,"max_hp_gain":0,"max_hp_loss":0,"event_name":"Shining Light","floor":7,"gold_loss":0,"cards_upgraded":["Gash","Zap"]}],"is_beta":false,"boss_relics":[],"items_purged_floors":[],"is_endless":false,"potions_floor_spawned":[1,8],"killed_by":"Hexaghost","ascension_level":20}