{"gold_per_floor":[113,130,130,151,166,166,206,206,256,300,450,109,109,144,144,238,238,263,288,359,383,383],"floor_reached":22,"playtime":1784,"items_purged":["Doubt"],"score":458,"play_id":"0768e0f7-ae0d-4df2-af83-8b44938b4d01","local_time":"20230820235825","is_ascension_mode":true,"campfire_choices":[{"data":"Buffer","floor":6,"key":"SMITH"},{"floor":8,"key":"REST"},{"floor":15,"key":"REST"}],"neow_cost":"NONE","seed_source_timestamp":2920637482416,"circlet_count":0,"master_deck":["AscendersBane","Zap","Dualcast","Melter","Coolheaded","Buffer+1","Ball Lightning","Consume","Sunder","Cold Snap","Compile Driver","Rainbow","Defragment","Skim","Thunder Strike","Sweeping Beam","Stack","Meteor Strike","Machine Learning","Turbo","Hologram+1"],"relics":["Cracked Core","NeowsBlessing","Golden Idol","StrikeDummy","Happy Flower","Smiling Mask","Blood Vial","Lantern","Pandora\u0027s Box","Toxic Egg 2"],"potions_floor_usage":[7,16,22,22],"damage_taken":[{"damage":0,"enemies":"Cultist","floor":1,"turns":1},{"damage":0,"enemies":"Jaw Worm","floor":2,"turns":1},{"damage":0,"enemies":"2 Louse","floor":4,"turns":1},{"damage":22,"enemies":"Exordium Wildlife","floor":5,"turns":5},{"damage":33,"enemies":"3 Sentries","floor":7,"turns":6},{"damage":0,"enemies":"Gremlin Nob","floor":10,"turns":4},{"damage":15,"enemies":"3 Sentries","floor":14,"turns":5},{"damage":20,"enemies":"The Guardian","floor":16,"turns":9},{"damage":23,"enemies":"Shell Parasite","floor":18,"turns":5},{"damage":5,"enemies":"Chosen","floor":19,"turns":5},{"damage":0,"enemies":"Snecko","floor":21,"turns":2},{"damage":46,"enemies":"Cultist and Chosen","floor":22,"turns":4}],"seed_played":"811567177746989630","potions_obtained":[{"floor":4,"key":"EssenceOfDarkness"},{"floor":5,"key":"LiquidBronze"},{"floor":7,"key":"SmokeBomb"},{"floor":14,"key":"FocusPotion"},{"floor":19,"key":"Dexterity Potion"}],"is_trial":false,"path_per_floor":["M","M","?","M","M","R","E","R","T","E","?","$","?","E","R","B",null,"M","M","T","M","M"],"character_chosen":"DEFECT","basemod:card_modifiers":[null,null,null,null,null,null,null,null,null,null,null,null,null,null,null,null,null,null,null,null,null],"items_purchased":["Blood Vial","Sunder","Cold Snap"],"campfire_rested":2,"item_purchase_floors":[12,12,12],"current_hp_per_floor":[64,64,64,64,42,42,9,28,28,28,28,28,28,15,34,16,52,31,28,28,30,0],"gold":383,"neow_bonus":"THREE_ENEMY_KILL","is_prod":false,"is_daily":false,"chose_seed":false,"campfire_upgraded":1,"win_rate":0,"timestamp":1692590305,"path_taken":["M","?","?","M","M","R","E","R","T","E","?","$","?","E","R","BOSS","M","M","?","?","M"],"build_version":"2022-12-01","purchased_purges":1,"victory":false,"max_hp_per_floor":[71,71,64,64,64,64,64,64,64,64,64,64,64,64,64,64,64,64,64,64,64,64],"card_choices":[{"not_picked":["Rebound","Coolheaded"],"picked":"Melter","floor":1},{"not_picked":["Rip and Tear","FTL"],"picked":"Coolheaded","floor":2},{"not_picked":["Sweeping Beam","Stack"],"picked":"Buffer","floor":4},{"not_picked":["Force Field","Turbo"],"picked":"Ball Lightning","floor":5},{"not_picked":["Rip and Tear","Blizzard","Redo"],"picked":"SKIP","floor":7},{"not_picked":["Melter","Skim"],"picked":"Consume","floor":10},{"not_picked":["Fusion","Streamline"],"picked":"Compile Driver","floor":14},{"not_picked":["Amplify","Buffer"],"picked":"Rainbow","floor":16},{"not_picked":["Rebound","Stack"],"picked":"Turbo","floor":18},{"not_picked":["Streamline","Compile Driver","Rebound"],"picked":"SKIP","floor":19},{"not_picked":["Recycle+1","Stack+1"],"picked":"Hologram+1","floor":21}],"player_experience":44315,"relics_obtained":[{"floor":7,"key":"StrikeDummy"},{"floor":9,"key":"Happy Flower"},{"floor":10,"key":"Smiling Mask"},{"floor":14,"key":"Lantern"},{"floor":20,"key":"Toxic Egg 2"}],"event_choices":[{"damage_healed":0,"gold_gain":0,"player_choice":"Lose Max HP","damage_taken":0,"relics_obtained":["Golden Idol"],"max_hp_gain":0,"max_hp_loss":7,"event_name":"Golden Idol","floor":3,"gold_loss":0},{"damage_healed":0,"gold_gain":150,"player_choice":"AGREE","damage_taken":0,"max_hp_gain":0,"max_hp_loss":0,"event_name":"Liars Game","floor":11,"gold_loss":0,"cards_obtained":["Doubt"]},{"cards_removed":["Strike_B"],"damage_healed":0,"gold_gain":0,"player_choice":"Purged","damage_taken":0,"max_hp_gain":0,"max_hp_loss":0,"event_name":"Purifier","floor":13,"gold_loss":0}],"is_beta":false,"boss_relics":[{"not_picked":["Velvet Choker","FrozenCore"],"picked":"Pandora\u0027s Box"}],"items_purged_floors":[12],"is_endless":false,"potions_floor_spawned":[4,5,7,14,19],"killed_by":"Cultist and Chosen","ascension_level":20}