{"gold_per_floor":[114,114,132,144,162,162,194,194,219,219,244,260,289,348,348,425,425,438,438,452,78,78,103,103,130,130,144,144,144,178,192,192,192],"floor_reached":33,"playtime":3331,"items_purged":["Beam Cell"],"score":646,"play_id":"04df2770-3121-4cc3-b4a6-8a6b8da4d980","local_time":"20230826215213","is_ascension_mode":true,"campfire_choices":[{"data":"Zap","floor":6.0,"key":"SMITH"},{"data":"Hologram","floor":8.0,"key":"SMITH"},{"floor":10.0,"key":"REST"},{"data":"Consume","floor":15.0,"key":"SMITH"},{"floor":24,"key":"REST"},{"data":"Darkness","floor":29,"key":"SMITH"},{"floor":32,"key":"REST"}],"neow_cost":"NONE","seed_source_timestamp":0,"circlet_count":0,"master_deck":["AscendersBane","Zap+1","Dualcast","Cold Snap","Darkness+1","Hologram+1","Tempest","Consume+1","FTL","Redo","Double Energy","Steam","Reinforced Body","Reprogram","Sweeping Beam","Beam Cell","Static Discharge","Skim+1","Self Repair","Bandage Up","Core Surge","Conserve Battery","Decay","Sunder"],"special_seed":0,"relics":["Cracked Core","NeowsBlessing","Toy Ornithopter","Regal Pillow","Orichalcum","Happy Flower","Bag of Marbles","Pandora\u0027s Box","Membership Card","DataDisk","Akabeko","Boot","Letter Opener","Pen Nib"],"potions_floor_usage":[20,23,25,25,30,30],"damage_taken":[{"damage":0.0,"enemies":"Small Slimes","floor":1.0,"turns":1.0},{"damage":0.0,"enemies":"Jaw Worm","floor":3.0,"turns":1.0},{"damage":0.0,"enemies":"Cultist","floor":4.0,"turns":1.0},{"damage":15.0,"enemies":"3 Louse","floor":5.0,"turns":5.0},{"damage":17.0,"enemies":"3 Sentries","floor":7.0,"turns":7.0},{"damage":9.0,"enemies":"Gremlin Nob","floor":11.0,"turns":3.0},{"damage":2.0,"enemies":"Looter","floor":12.0,"turns":4.0},{"damage":19.0,"enemies":"Lagavulin","floor":13.0,"turns":7.0},{"damage":5.0,"enemies":"Gremlin Nob","floor":14.0,"turns":3.0},{"damage":33.0,"enemies":"Hexaghost","floor":16.0,"turns":9.0},{"damage":5,"enemies":"Spheric Guardian","floor":18,"turns":3},{"damage":13,"enemies":"2 Thieves","floor":20,"turns":3},{"damage":24,"enemies":"Gremlin Leader","floor":23,"turns":6},{"damage":33,"enemies":"Book of Stabbing","floor":25,"turns":4},{"damage":9,"enemies":"Snecko","floor":27,"turns":3},{"damage":44,"enemies":"Gremlin Leader","floor":30,"turns":9},{"damage":20,"enemies":"Snake Plant","floor":31,"turns":3},{"damage":61,"enemies":"Collector","floor":33,"turns":7}],"seed_played":"-7810663052719221507","potions_obtained":[{"floor":1.0,"key":"Regen Potion"},{"floor":4.0,"key":"FocusPotion"},{"floor":7.0,"key":"FocusPotion"},{"floor":11.0,"key":"Swift Potion"},{"floor":13.0,"key":"Fire Potion"},{"floor":20,"key":"SpeedPotion"},{"floor":23,"key":"FocusPotion"},{"floor":25,"key":"AttackPotion"},{"floor":27,"key":"LiquidMemories"}],"is_trial":false,"path_per_floor":["M","?","M","M","M","R","E","R","T","R","E","M","E","?","R","B",null,"M","?","M","$","T","E","R","E","T","M","?","R","E","M","R","B"],"character_chosen":"DEFECT","basemod:card_modifiers":[null,null,null,null,null,null,null,null,null,null,null,null,null,null,null,null,null,null,null,null,null,null,null,null],"items_purchased":["Membership Card","DataDisk","Self Repair","Bandage Up"],"campfire_rested":3,"item_purchase_floors":[21,21,21,21],"current_hp_per_floor":[64,64,64,64,49,49,32,32,32,68,62,60,41,41,41,8,55,50,38,30,30,30,22,58,46,46,48,48,48,25,12,48,0],"gold":192,"neow_bonus":"THREE_ENEMY_KILL","is_prod":false,"is_daily":false,"chose_seed":false,"campfire_upgraded":4,"win_rate":0,"timestamp":1693101133,"path_taken":["M","?","M","M","M","R","E","R","T","R","E","M","E","?","R","BOSS","M","?","M","$","?","E","R","E","T","M","?","R","E","M","R","BOSS"],"build_version":"2022-12-01","purchased_purges":1,"victory":false,"max_hp_per_floor":[71,71,71,71,71,71,71,71,71,71,71,71,71,71,71,71,71,71,71,71,71,71,71,71,71,71,71,71,71,71,71,71,71],"card_choices":[{"not_picked":["Double Energy","Sweeping Beam"],"picked":"Cold Snap","floor":1.0},{"not_picked":["Storm","Static Discharge"],"picked":"Darkness","floor":3.0},{"not_picked":["Force Field","Barrage"],"picked":"Hologram","floor":4.0},{"not_picked":["White Noise","Fusion"],"picked":"Tempest","floor":5.0},{"not_picked":["Darkness","Turbo","Chaos"],"picked":"SKIP","floor":7.0},{"not_picked":["Hyperbeam","Undo"],"picked":"Consume","floor":11.0},{"not_picked":["Gash","Streamline"],"picked":"FTL","floor":12.0},{"not_picked":["Sweeping Beam","Sunder"],"picked":"Redo","floor":13.0},{"not_picked":["Leap","White Noise+1"],"picked":"Skim+1","floor":18},{"not_picked":["Sweeping Beam","Coolheaded","Turbo"],"picked":"SKIP","floor":20},{"not_picked":["Sweeping Beam","Tempest","Doom and Gloom+1"],"picked":"SKIP","floor":23},{"not_picked":["Stack","Compile Driver"],"picked":"Core Surge","floor":25},{"not_picked":["Beam Cell+1","Stack"],"picked":"Conserve Battery","floor":27},{"not_picked":["Leap+1","Reprogram+1"],"picked":"Sunder","floor":30},{"not_picked":["Ball Lightning","All For One","Redo"],"picked":"SKIP","floor":31}],"player_experience":119246,"relics_obtained":[{"floor":7.0,"key":"Toy Ornithopter"},{"floor":9.0,"key":"Regal Pillow"},{"floor":11.0,"key":"Orichalcum"},{"floor":13.0,"key":"Happy Flower"},{"floor":23,"key":"Akabeko"},{"floor":25,"key":"Boot"},{"floor":26,"key":"Letter Opener"},{"floor":30,"key":"Pen Nib"}],"event_choices":[{"damage_healed":0.0,"max_hp_gain":0.0,"max_hp_loss":0.0,"gold_gain":0.0,"event_name":"Liars Game","player_choice":"Ignored","floor":2.0,"gold_loss":0.0,"damage_taken":0.0},{"damage_healed":0.0,"max_hp_gain":0.0,"max_hp_loss":0.0,"gold_gain":0.0,"event_name":"Dead Adventurer","player_choice":"Searched \u00272\u0027 times","floor":14.0,"gold_loss":0.0,"damage_taken":0.0,"relics_obtained":["Bag of Marbles"]},{"damage_healed":0,"gold_gain":0,"player_choice":"POTION ","damage_taken":12,"max_hp_gain":0,"max_hp_loss":0,"event_name":"Knowing Skull","floor":19,"potions_obtained":["Strength Potion"],"gold_loss":0,"cards_obtained":[]},{"damage_healed":0,"gold_gain":0,"player_choice":"Smashed Altar","damage_taken":0,"max_hp_gain":0,"max_hp_loss":0,"event_name":"Forgotten Altar","floor":28,"gold_loss":0,"cards_obtained":["Decay"]}],"is_beta":false,"boss_relics":[{"not_picked":["Tiny House","Snecko Eye"],"picked":"Pandora\u0027s Box"}],"items_purged_floors":[21],"is_endless":false,"potions_floor_spawned":[1,4,5,7,11,13,20,23,25,27],"killed_by":"Collector","ascension_level":20}