{"gold_per_floor":[365,383,403,254,216,216,118,149,203,203,214,247,265,281,281,281,281,291,341,360,374,385,385],"floor_reached":23,"playtime":1192,"items_purged":["Defend_B"],"score":460,"play_id":"21dd9514-146b-420a-9562-6171b690492a","local_time":"20230828120310","is_ascension_mode":true,"campfire_choices":[{"data":"Doom and Gloom","floor":6.0,"key":"SMITH"},{"data":"Buffer","floor":10.0,"key":"SMITH"},{"data":"Defragment","floor":15.0,"key":"SMITH"}],"neow_cost":"TEN_PERCENT_HP_LOSS","seed_source_timestamp":302604575004125,"circlet_count":0,"master_deck":["AscendersBane","Strike_B","Strike_B","Strike_B","Strike_B","Defend_B","Defend_B","Defend_B","Zap","Dualcast","Defragment+1","Doom and Gloom+1","Ball Lightning","Buffer+1","Core Surge","Cold Snap","Coolheaded","Turbo","Compile Driver"],"special_seed":0,"relics":["Cracked Core","Tiny Chest","Pantograph","Smiling Mask","Emotion Chip","Runic Pyramid"],"potions_floor_usage":[],"damage_taken":[{"damage":8.0,"enemies":"Small Slimes","floor":1.0,"turns":4.0},{"damage":2.0,"enemies":"Jaw Worm","floor":2.0,"turns":4.0},{"damage":1.0,"enemies":"Cultist","floor":3.0,"turns":3.0},{"damage":25.0,"enemies":"3 Sentries","floor":8.0,"turns":4.0},{"damage":1.0,"enemies":"Looter","floor":11.0,"turns":3.0},{"damage":0.0,"enemies":"Gremlin Nob","floor":12.0,"turns":4.0},{"damage":0.0,"enemies":"Gremlin Gang","floor":13.0,"turns":2.0},{"damage":0.0,"enemies":"Blue Slaver","floor":14.0,"turns":3.0},{"damage":27.0,"enemies":"Hexaghost","floor":16.0,"turns":7.0},{"damage":0,"enemies":"Chosen","floor":18,"turns":4},{"damage":11,"enemies":"Shell Parasite","floor":20,"turns":5},{"damage":18,"enemies":"Cultist and Chosen","floor":21,"turns":5},{"damage":21,"enemies":"3 Cultists","floor":22,"turns":4},{"damage":0,"enemies":"Book of Stabbing","floor":23,"turns":1}],"seed_played":"4056292613176763106","potions_obtained":[{"floor":2.0,"key":"AttackPotion"},{"floor":8.0,"key":"Ancient Potion"},{"floor":11.0,"key":"Fruit Juice"},{"floor":12.0,"key":"EntropicBrew"},{"floor":18,"key":"SteroidPotion"}],"is_trial":false,"path_per_floor":["M","M","M","$","?","R","?","E","T","R","M","E","M","M","R","B",null,"M","?","M","M","M","E"],"character_chosen":"DEFECT","basemod:card_modifiers":[null,null,null,null,null,null,null,null,null,null,null,null,null,null,null,null,null,null,null],"items_purchased":["Buffer"],"campfire_rested":0,"item_purchase_floors":[4],"current_hp_per_floor":[56,54,53,53,53,53,53,28,28,28,27,27,32,32,32,30,59,59,59,48,30,9,9],"gold":385,"neow_bonus":"TWO_FIFTY_GOLD","is_prod":false,"is_daily":false,"chose_seed":false,"campfire_upgraded":3,"win_rate":0,"timestamp":1693238590,"path_taken":["M","M","M","$","?","R","?","E","T","R","M","E","?","M","R","BOSS","M","?","M","M","?","E"],"build_version":"2022-12-01","purchased_purges":1,"victory":false,"max_hp_per_floor":[64,64,64,64,64,64,64,64,64,64,64,64,69,69,69,69,69,69,69,69,69,69,69],"card_choices":[{"not_picked":["Streamline","Beam Cell"],"picked":"Defragment","floor":1.0},{"not_picked":["Force Field","Go for the Eyes"],"picked":"Doom and Gloom","floor":2.0},{"not_picked":["Undo","Cold Snap"],"picked":"Ball Lightning","floor":3.0},{"not_picked":["Sweeping Beam","Aggregate"],"picked":"Core Surge","floor":8.0},{"not_picked":["Redo","Undo"],"picked":"Cold Snap","floor":11.0},{"not_picked":["Lockon","Ball Lightning"],"picked":"Coolheaded","floor":12.0},{"not_picked":["Steam Power","Fusion","Stack"],"picked":"SKIP","floor":13.0},{"not_picked":["Sweeping Beam","Sunder","Static Discharge"],"picked":"SKIP","floor":14.0},{"not_picked":["Auto Shields","Streamline+1","Stack"],"picked":"SKIP","floor":18},{"not_picked":["Cold Snap","Storm"],"picked":"Turbo","floor":20},{"not_picked":["Coolheaded","Recycle","Aggregate"],"picked":"SKIP","floor":21},{"not_picked":["Genetic Algorithm","Tempest"],"picked":"Compile Driver","floor":22}],"player_experience":104661,"relics_obtained":[{"floor":8.0,"key":"Pantograph"},{"floor":9.0,"key":"Smiling Mask"},{"floor":12.0,"key":"Emotion Chip"}],"event_choices":[{"damage_healed":0.0,"max_hp_gain":0.0,"max_hp_loss":0.0,"gold_gain":0.0,"event_name":"World of Goop","player_choice":"Left Gold","floor":5.0,"gold_loss":38.0,"damage_taken":0.0},{"damage_healed":0.0,"max_hp_gain":0.0,"max_hp_loss":0.0,"gold_gain":0.0,"event_name":"WeMeetAgain","player_choice":"Paid Gold","floor":7.0,"gold_loss":98.0,"damage_taken":0.0,"relics_obtained":["Tiny Chest"]},{"damage_healed":0,"gold_gain":50,"player_choice":"Pray","damage_taken":0,"max_hp_gain":0,"max_hp_loss":0,"event_name":"Golden Shrine","floor":19,"gold_loss":0}],"is_beta":false,"boss_relics":[{"not_picked":["Velvet Choker","Empty Cage"],"picked":"Runic Pyramid"}],"items_purged_floors":[4],"is_endless":false,"potions_floor_spawned":[2,8,11,12,18],"killed_by":"Book of Stabbing","ascension_level":20}