{"gold_per_floor":[111,123,123,173,186,218,230,255,307,307,317,337,6,6,6,83,83,97,117,129,129,145,145],"floor_reached":23,"playtime":1627,"items_purged":[],"score":410,"play_id":"b67ed077-1a6c-4639-953d-d8bcce17cd4b","local_time":"20230904111845","is_ascension_mode":true,"campfire_choices":[{"data":"Zap","floor":10,"key":"SMITH"},{"floor":15,"key":"REST"}],"neow_cost":"NONE","seed_source_timestamp":109245208939000,"circlet_count":0,"master_deck":["AscendersBane","Zap+1","Dualcast","Darkness","Ball Lightning","Hologram","Defragment+1","Electrodynamics","Machine Learning","Glacier","Stack","Rip and Tear","Steam Power","Rainbow","Leap","Capacitor"],"relics":["Cracked Core","NeowsBlessing","Whetstone","Singing Bowl","PreservedInsect","Incense Burner","Pandora\u0027s Box"],"potions_floor_usage":[6,8,16,20,22,23],"damage_taken":[{"damage":0,"enemies":"2 Louse","floor":1,"turns":1},{"damage":0,"enemies":"Cultist","floor":2,"turns":1},{"damage":0,"enemies":"Jaw Worm","floor":5,"turns":1},{"damage":18,"enemies":"Lagavulin","floor":6,"turns":7},{"damage":15,"enemies":"3 Louse","floor":7,"turns":3},{"damage":11,"enemies":"Gremlin Nob","floor":8,"turns":3},{"damage":8,"enemies":"Blue Slaver","floor":11,"turns":3},{"damage":11,"enemies":"Large Slime","floor":12,"turns":5},{"damage":23,"enemies":"Slime Boss","floor":16,"turns":7},{"damage":1,"enemies":"Spheric Guardian","floor":18,"turns":3},{"damage":11,"enemies":"2 Thieves","floor":19,"turns":4},{"damage":23,"enemies":"Cultist and Chosen","floor":20,"turns":6},{"damage":13,"enemies":"Centurion and Healer","floor":22,"turns":9},{"damage":27,"enemies":"Gremlin Leader","floor":23,"turns":4}],"seed_played":"-2419318814427044242","potions_obtained":[{"floor":2,"key":"DuplicationPotion"},{"floor":5,"key":"EssenceOfSteel"},{"floor":11,"key":"GamblersBrew"},{"floor":12,"key":"ColorlessPotion"},{"floor":19,"key":"Energy Potion"},{"floor":22,"key":"SpeedPotion"}],"is_trial":false,"path_per_floor":["M","M","?","?","M","E","M","E","T","R","M","M","$","?","R","B",null,"M","M","M","?","M","E"],"character_chosen":"DEFECT","basemod:card_modifiers":[null,null,null,null,null,null,null,null,null,null,null,null,null,null,null,null],"items_purchased":["Incense Burner"],"campfire_rested":1,"item_purchase_floors":[13],"current_hp_per_floor":[64,64,69,69,69,51,36,27,27,27,19,10,10,10,34,11,63,64,55,34,34,23,0],"gold":145,"neow_bonus":"THREE_ENEMY_KILL","is_prod":false,"is_daily":false,"chose_seed":false,"campfire_upgraded":1,"win_rate":0,"timestamp":1693840725,"path_taken":["M","M","?","?","M","E","?","E","T","R","M","M","$","?","R","BOSS","M","?","M","?","M","E"],"build_version":"2022-12-01","purchased_purges":0,"victory":false,"max_hp_per_floor":[71,71,76,76,76,76,76,78,78,78,78,80,80,80,80,80,80,82,84,86,86,88,88],"card_choices":[{"not_picked":["Barrage","Rebound"],"picked":"Darkness","floor":1},{"not_picked":["Go for the Eyes","Doom and Gloom"],"picked":"Ball Lightning","floor":2},{"not_picked":["Streamline","Steam","Storm"],"picked":"SKIP","floor":5},{"not_picked":["Streamline","Steam","Storm"],"picked":"SKIP","floor":5},{"not_picked":["Reprogram","Cold Snap"],"picked":"Hologram","floor":6},{"not_picked":["Reprogram","BootSequence","Recycle"],"picked":"SKIP","floor":7},{"not_picked":["Double Energy","Gash","Steam"],"picked":"Singing Bowl","floor":8},{"not_picked":["Stack","Hello World"],"picked":"Defragment","floor":11},{"not_picked":["Rebound","Go for the Eyes","Beam Cell"],"picked":"Singing Bowl","floor":12},{"not_picked":["Meteor Strike","All For One"],"picked":"Electrodynamics","floor":16},{"not_picked":["Rebound+1","Stack+1","Hologram"],"picked":"Singing Bowl","floor":18},{"not_picked":["Consume","Lockon+1","Ball Lightning"],"picked":"Singing Bowl","floor":19},{"not_picked":["Rip and Tear+1","Beam Cell","Blizzard"],"picked":"Singing Bowl","floor":20},{"not_picked":["Hologram","Leap","Force Field"],"picked":"Singing Bowl","floor":22}],"player_experience":123531,"relics_obtained":[{"floor":6,"key":"Whetstone"},{"floor":8,"key":"Singing Bowl"},{"floor":9,"key":"PreservedInsect"}],"event_choices":[{"damage_healed":0,"gold_gain":0,"player_choice":"Donut","damage_taken":0,"max_hp_gain":5,"max_hp_loss":0,"event_name":"Big Fish","floor":3,"gold_loss":0},{"damage_healed":0,"gold_gain":50,"player_choice":"Pray","damage_taken":0,"max_hp_gain":0,"max_hp_loss":0,"event_name":"Golden Shrine","floor":4,"gold_loss":0},{"damage_healed":0,"gold_gain":0,"player_choice":"Upgraded","damage_taken":0,"max_hp_gain":0,"max_hp_loss":0,"event_name":"Upgrade Shrine","floor":14,"gold_loss":0,"cards_upgraded":["Defragment"]},{"damage_healed":0,"gold_gain":0,"player_choice":"Ignored","damage_taken":0,"max_hp_gain":0,"max_hp_loss":0,"event_name":"Vampires","floor":21,"gold_loss":0}],"is_beta":false,"boss_relics":[{"not_picked":["Nuclear Battery","Coffee Dripper"],"picked":"Pandora\u0027s Box"}],"items_purged_floors":[],"is_endless":false,"potions_floor_spawned":[2,5,11,12,19,22],"killed_by":"Gremlin Leader","ascension_level":20}