{"gold_per_floor":[110,110,124,137,149,149,180,180,180,180,200,200,215,229,229,229],"floor_reached":16,"playtime":782,"items_purged":[],"score":208,"play_id":"b9b66082-6934-4b20-a3c8-1bab0695cc32","local_time":"20230904113200","is_ascension_mode":true,"campfire_choices":[{"data":"Zap","floor":6,"key":"SMITH"},{"floor":12,"key":"REST"},{"floor":15,"key":"REST"}],"neow_cost":"NONE","seed_source_timestamp":110889162004417,"circlet_count":0,"master_deck":["AscendersBane","Strike_B","Strike_B","Strike_B","Strike_B","Defend_B","Defend_B","Defend_B","Defend_B","Zap+1","Dualcast","Hologram","Rebound","Tempest","Turbo","Biased Cognition","Chill","Compile Driver"],"relics":["Cracked Core","Bronze Scales","HornCleat"],"potions_floor_usage":[7,11,16,16],"damage_taken":[{"damage":7,"enemies":"Jaw Worm","floor":1,"turns":2},{"damage":10,"enemies":"2 Louse","floor":3,"turns":2},{"damage":3,"enemies":"Cultist","floor":4,"turns":4},{"damage":16,"enemies":"Exordium Wildlife","floor":5,"turns":3},{"damage":25,"enemies":"3 Sentries","floor":7,"turns":5},{"damage":0,"enemies":"Lots of Slimes","floor":11,"turns":2},{"damage":22,"enemies":"Exordium Thugs","floor":13,"turns":2},{"damage":0,"enemies":"Large Slime","floor":14,"turns":2},{"damage":26,"enemies":"Slime Boss","floor":16,"turns":7}],"seed_played":"2835923302575455678","potions_obtained":[{"floor":3,"key":"CultistPotion"},{"floor":10,"key":"SneckoOil"},{"floor":10,"key":"SteroidPotion"},{"floor":14,"key":"Block Potion"}],"is_trial":false,"path_per_floor":["M","?","M","M","M","R","E","?","T","?","M","R","M","M","R","B"],"character_chosen":"DEFECT","basemod:card_modifiers":[null,null,null,null,null,null,null,null,null,null,null,null,null,null,null,null,null,null],"items_purchased":[],"campfire_rested":2,"item_purchase_floors":[],"current_hp_per_floor":[57,57,47,44,28,28,3,3,3,3,3,24,2,2,23,0],"gold":229,"neow_bonus":"RANDOM_COMMON_RELIC","is_prod":false,"is_daily":false,"chose_seed":false,"campfire_upgraded":1,"win_rate":0,"timestamp":1693841520,"path_taken":["M","?","M","M","M","R","E","?","T","?","?","R","M","M","R","BOSS"],"build_version":"2022-12-01","purchased_purges":0,"victory":false,"max_hp_per_floor":[71,71,71,71,71,71,71,71,71,71,71,71,71,71,71,71],"card_choices":[{"not_picked":["Steam","Stack"],"picked":"Hologram","floor":1},{"not_picked":["Barrage","Gash"],"picked":"Rebound","floor":3},{"not_picked":["Leap","Turbo"],"picked":"Tempest","floor":4},{"not_picked":["Capacitor","Aggregate"],"picked":"Turbo","floor":5},{"not_picked":["Conserve Battery","Barrage"],"picked":"Biased Cognition","floor":7},{"not_picked":["Storm","Ball Lightning"],"picked":"Chill","floor":11},{"not_picked":["Go for the Eyes","Leap"],"picked":"Compile Driver","floor":13},{"not_picked":["Genetic Algorithm","Conserve Battery","Beam Cell"],"picked":"SKIP","floor":14}],"player_experience":125158,"relics_obtained":[{"floor":7,"key":"HornCleat"}],"event_choices":[{"damage_healed":0,"gold_gain":0,"player_choice":"Ignored","damage_taken":0,"max_hp_gain":0,"max_hp_loss":0,"event_name":"Liars Game","floor":2,"gold_loss":0},{"damage_healed":0,"gold_gain":0,"player_choice":"Ignored","damage_taken":0,"max_hp_gain":0,"max_hp_loss":0,"event_name":"Golden Wing","floor":8,"gold_loss":0},{"damage_healed":0,"gold_gain":0,"player_choice":"Got Potions","damage_taken":0,"max_hp_gain":0,"max_hp_loss":0,"event_name":"Lab","floor":10,"gold_loss":0}],"is_beta":false,"boss_relics":[],"items_purged_floors":[],"is_endless":false,"potions_floor_spawned":[3,14],"killed_by":"Slime Boss","ascension_level":20}