{"gold_per_floor":[113,132,132,132,149,149,179,195,269,176,176],"floor_reached":11,"playtime":572,"items_purged":[],"score":146,"play_id":"27bea3a1-767b-44b3-ba9b-78ec1d00ca47","local_time":"20230829003832","is_ascension_mode":true,"campfire_choices":[{"data":"Rip and Tear","floor":6.0,"key":"SMITH"}],"neow_cost":"NONE","seed_source_timestamp":340379559863083,"circlet_count":0,"master_deck":["AscendersBane","Strike_B","Strike_B","Strike_B","Strike_B","Defend_B","Defend_B","Defend_B","Defend_B","Zap","Dualcast","Ball Lightning","Doom and Gloom","Rip and Tear+1","Buffer","Defragment"],"special_seed":0,"relics":["Cracked Core","NeowsBlessing","Calipers","Pear","Happy Flower"],"potions_floor_usage":[11],"damage_taken":[{"damage":0.0,"enemies":"2 Louse","floor":1.0,"turns":1.0},{"damage":0.0,"enemies":"Jaw Worm","floor":2.0,"turns":1.0},{"damage":0.0,"enemies":"Cultist","floor":5.0,"turns":1.0},{"damage":35.0,"enemies":"3 Sentries","floor":7.0,"turns":7.0},{"damage":12.0,"enemies":"Looter","floor":8.0,"turns":3.0},{"damage":43,"enemies":"Gremlin Nob","floor":11,"turns":3}],"seed_played":"1128383669051181915","potions_obtained":[{"floor":1.0,"key":"Energy Potion"},{"floor":7.0,"key":"GamblersBrew"}],"is_trial":false,"path_per_floor":["M","M","?","?","M","R","E","M","T","?","E"],"character_chosen":"DEFECT","basemod:card_modifiers":[null,null,null,null,null,null,null,null,null,null,null,null,null,null,null,null],"items_purchased":[],"campfire_rested":0,"item_purchase_floors":[],"current_hp_per_floor":[64,64,64,69,69,69,34,22,32,32,0],"gold":176,"neow_bonus":"THREE_ENEMY_KILL","is_prod":false,"is_daily":false,"chose_seed":false,"campfire_upgraded":1,"win_rate":0,"timestamp":1693283912,"path_taken":["M","M","?","?","M","R","E","M","T","?","E"],"build_version":"2022-12-01","purchased_purges":0,"victory":false,"max_hp_per_floor":[71,71,71,76,76,76,76,76,86,86,86],"card_choices":[{"not_picked":["Chaos","Beam Cell"],"picked":"Ball Lightning","floor":1.0},{"not_picked":["Barrage","Turbo"],"picked":"Doom and Gloom","floor":2.0},{"not_picked":["Aggregate","Turbo"],"picked":"Rip and Tear","floor":5.0},{"not_picked":["Core Surge","Fission"],"picked":"Buffer","floor":7.0},{"not_picked":["Steam","Sweeping Beam"],"picked":"Defragment","floor":8.0}],"player_experience":109851,"relics_obtained":[{"floor":7.0,"key":"Calipers"},{"floor":9.0,"key":"Pear"}],"event_choices":[{"damage_healed":0.0,"max_hp_gain":0.0,"max_hp_loss":0.0,"gold_gain":0.0,"event_name":"Liars Game","player_choice":"Ignored","floor":3.0,"gold_loss":0.0,"damage_taken":0.0},{"damage_healed":0.0,"max_hp_gain":5.0,"max_hp_loss":0.0,"gold_gain":0.0,"event_name":"Big Fish","player_choice":"Donut","floor":4.0,"gold_loss":0.0,"damage_taken":0.0},{"damage_healed":0.0,"max_hp_gain":0.0,"max_hp_loss":0.0,"gold_gain":0.0,"event_name":"WeMeetAgain","player_choice":"Paid Gold","floor":10.0,"gold_loss":93.0,"damage_taken":0.0,"relics_obtained":["Happy Flower"]}],"is_beta":false,"boss_relics":[],"items_purged_floors":[],"is_endless":false,"potions_floor_spawned":[1,7],"killed_by":"Gremlin Nob","ascension_level":20}