{"gold_per_floor":[15,25,25,49,67,67,67,102,150,165,125],"floor_reached":11,"playtime":502,"items_purged":[],"score":150,"play_id":"5bfcd538-9a4b-4186-b9f2-0176eb2a3caa","local_time":"20230827012629","is_ascension_mode":true,"campfire_choices":[{"floor":6,"key":"REST"}],"neow_cost":"NO_GOLD","seed_source_timestamp":211104975604917,"circlet_count":0,"master_deck":["AscendersBane","Strike_B","Strike_B","Strike_B","Strike_B","Defend_B","Defend_B","Defend_B","Defend_B","Zap","Dualcast","Metamorphosis","Ball Lightning","Darkness","Hologram"],"relics":["Cracked Core","Golden Idol","Pantograph","Bag of Preparation"],"potions_floor_usage":[5,11],"damage_taken":[{"damage":7,"enemies":"Jaw Worm","floor":1,"turns":2},{"damage":3,"enemies":"2 Louse","floor":2,"turns":3},{"damage":0,"enemies":"Cultist","floor":4,"turns":3},{"damage":22,"enemies":"3 Louse","floor":5,"turns":3},{"damage":20,"enemies":"Lagavulin","floor":8,"turns":5},{"damage":22,"enemies":"Exordium Wildlife","floor":10,"turns":5},{"damage":16,"enemies":"Exordium Thugs","floor":11,"turns":2}],"seed_played":"2300636010060116992","potions_obtained":[{"floor":1,"key":"Swift Potion"},{"floor":8,"key":"LiquidBronze"},{"floor":10,"key":"SkillPotion"}],"is_trial":false,"path_per_floor":["M","M","?","M","M","R","?","E","T","M","M"],"character_chosen":"DEFECT","basemod:card_modifiers":[null,null,null,null,null,null,null,null,null,null,null,null,null,null,null],"items_purchased":[],"campfire_rested":1,"item_purchase_floors":[],"current_hp_per_floor":[57,54,54,54,32,51,51,31,31,9,0],"gold":125,"neow_bonus":"RANDOM_COLORLESS_2","is_prod":false,"is_daily":false,"chose_seed":false,"campfire_upgraded":0,"win_rate":0,"timestamp":1693113989,"path_taken":["M","M","?","M","M","R","?","E","T","M","M"],"build_version":"2022-12-01","purchased_purges":0,"victory":false,"max_hp_per_floor":[71,71,64,64,64,64,64,64,64,64,64],"card_choices":[{"not_picked":["Chrysalis","Mayhem"],"picked":"Metamorphosis","floor":0},{"not_picked":["Steam","Coolheaded"],"picked":"Ball Lightning","floor":1},{"not_picked":["Turbo","Steam"],"picked":"Darkness","floor":2},{"not_picked":["Leap","Stack"],"picked":"Hologram","floor":4},{"not_picked":["Double Energy","Chaos","Stack"],"picked":"SKIP","floor":5},{"not_picked":["Darkness","Go for the Eyes","Capacitor"],"picked":"SKIP","floor":8},{"not_picked":["Thunder Strike","Stack","Darkness"],"picked":"SKIP","floor":10}],"player_experience":99145,"relics_obtained":[{"floor":8,"key":"Pantograph"},{"floor":9,"key":"Bag of Preparation"}],"event_choices":[{"damage_healed":0,"gold_gain":0,"player_choice":"Lose Max HP","damage_taken":0,"relics_obtained":["Golden Idol"],"max_hp_gain":0,"max_hp_loss":7,"event_name":"Golden Idol","floor":3,"gold_loss":0},{"damage_healed":0,"gold_gain":0,"player_choice":"Searched \u00271\u0027 times","damage_taken":0,"max_hp_gain":0,"max_hp_loss":0,"event_name":"Dead Adventurer","floor":7,"gold_loss":0}],"is_beta":false,"boss_relics":[],"items_purged_floors":[],"is_endless":false,"potions_floor_spawned":[1,8,10],"killed_by":"Exordium Thugs","ascension_level":20}