{"gold_per_floor":[111,121,121,21,31,65,77,77,159,169,204,279,279,293,293,372,372,392,392,403,403,246,246,261,294,320,340,354,387,6,40,40,40],"floor_reached":33,"playtime":2468,"items_purged":["Strike_B","Defend_B","Strike_B"],"score":594,"play_id":"2932b4a0-48fc-44ac-acc0-f3bef54927ae","local_time":"20230828004851","is_ascension_mode":true,"campfire_choices":[{"data":"Hologram","floor":8,"key":"SMITH"},{"data":"Zap","floor":13,"key":"SMITH"},{"floor":15,"key":"REST"},{"floor":23,"key":"REST"},{"floor":32,"key":"REST"}],"neow_cost":"NONE","seed_source_timestamp":286269697831875,"circlet_count":0,"master_deck":["AscendersBane","Strike_B","Strike_B","Defend_B","Defend_B","Zap+1","Dualcast","Leap","Conserve Battery","Hologram+1","Rip and Tear","Steam","Ball Lightning","Reboot","Biased Cognition","Coolheaded","Glacier","Core Surge","Compile Driver","Rebound","Electrodynamics","Self Repair"],"relics":["Cracked Core","Emotion Chip","Strawberry","Fusion Hammer","Nloth\u0027s Gift","HornCleat","Akabeko","Red Mask","Bag of Preparation","Eternal Feather"],"potions_floor_usage":[6,7,11,16,25,31],"damage_taken":[{"damage":0,"enemies":"Cultist","floor":1,"turns":1},{"damage":0,"enemies":"Small Slimes","floor":2,"turns":1},{"damage":0,"enemies":"Jaw Worm","floor":5,"turns":1},{"damage":21,"enemies":"Lagavulin","floor":6,"turns":7},{"damage":2,"enemies":"3 Louse","floor":7,"turns":3},{"damage":1,"enemies":"Looter","floor":10,"turns":4},{"damage":20,"enemies":"3 Sentries","floor":11,"turns":6},{"damage":0,"enemies":"Large Slime","floor":14,"turns":4},{"damage":17,"enemies":"The Guardian","floor":16,"turns":11},{"damage":7,"enemies":"Spheric Guardian","floor":18,"turns":4},{"damage":2,"enemies":"3 Byrds","floor":20,"turns":4},{"damage":17,"enemies":"Centurion and Healer","floor":24,"turns":7},{"damage":13,"enemies":"Slavers","floor":25,"turns":5},{"damage":2,"enemies":"Snake Plant","floor":27,"turns":4},{"damage":0,"enemies":"Snecko","floor":28,"turns":3},{"damage":6,"enemies":"Masked Bandits","floor":29,"turns":3},{"damage":2,"enemies":"Book of Stabbing","floor":31,"turns":5},{"damage":99,"enemies":"Collector","floor":33,"turns":13}],"seed_played":"-6428393418756474448","potions_obtained":[{"floor":1,"key":"FocusPotion"},{"floor":5,"key":"ColorlessPotion"},{"floor":6,"key":"SkillPotion"},{"floor":11,"key":"DistilledChaos"},{"floor":24,"key":"FocusPotion"},{"floor":25,"key":"PotionOfCapacity"}],"is_trial":false,"path_per_floor":["M","M","?","$","M","E","M","R","T","M","E","?","R","M","R","B",null,"M","?","M","?","$","R","M","E","T","M","M","?","$","E","R","B"],"character_chosen":"DEFECT","basemod:card_modifiers":[null,null,null,null,null,null,null,null,null,null,null,null,null,null,null,null,null,null,null,null,null,null],"items_purchased":["Hologram","AttackPotion","Bag of Preparation","Self Repair"],"campfire_rested":3,"item_purchase_floors":[4,22,30,30],"current_hp_per_floor":[64,64,64,64,64,43,41,41,41,40,27,16,16,16,39,22,64,57,57,55,55,55,78,61,48,48,46,46,40,40,45,78,0],"gold":40,"neow_bonus":"THREE_ENEMY_KILL","is_prod":false,"is_daily":false,"chose_seed":false,"campfire_upgraded":2,"win_rate":0,"timestamp":1693198131,"path_taken":["M","?","?","?","M","E","M","R","T","M","E","?","R","M","R","BOSS","M","?","M","?","$","R","M","E","T","?","M","?","$","E","R","BOSS"],"build_version":"2022-12-01","purchased_purges":3,"victory":false,"max_hp_per_floor":[71,71,71,71,71,71,71,71,71,71,78,78,78,78,78,78,78,78,78,78,78,78,78,78,78,78,78,78,78,78,78,78,78],"card_choices":[{"not_picked":["Heatsinks","Double Energy"],"picked":"Leap","floor":1},{"not_picked":["Turbo","Heatsinks"],"picked":"Conserve Battery","floor":2},{"not_picked":["Fusion","Beam Cell"],"picked":"Rip and Tear","floor":5},{"not_picked":["Chaos","Compile Driver","Turbo"],"picked":"SKIP","floor":6},{"not_picked":["Chaos","Redo","Double Energy"],"picked":"SKIP","floor":7},{"not_picked":["Turbo","Storm"],"picked":"Steam","floor":10},{"not_picked":["Turbo","Lockon"],"picked":"Ball Lightning","floor":11},{"not_picked":["Reprogram","Redo"],"picked":"Reboot","floor":14},{"not_picked":["Core Surge","Seek"],"picked":"Biased Cognition","floor":16},{"not_picked":["Skim","Go for the Eyes"],"picked":"Coolheaded","floor":18},{"not_picked":["Skim","Double Energy","Gash"],"picked":"SKIP","floor":20},{"not_picked":["Hyperbeam","Aggregate"],"picked":"Core Surge","floor":24},{"not_picked":["Chaos","Amplify","Steam"],"picked":"SKIP","floor":25},{"not_picked":["Gash+1","Conserve Battery"],"picked":"Compile Driver","floor":27},{"not_picked":["Ball Lightning","Auto Shields"],"picked":"Rebound","floor":28},{"not_picked":["Self Repair","Barrage"],"picked":"Electrodynamics","floor":29},{"not_picked":["Multi-Cast","Sweeping Beam","Gash"],"picked":"SKIP","floor":31}],"player_experience":100203,"relics_obtained":[{"floor":6,"key":"Emotion Chip"},{"floor":11,"key":"Strawberry"},{"floor":25,"key":"HornCleat"},{"floor":26,"key":"Akabeko"},{"floor":29,"key":"Red Mask"},{"floor":31,"key":"Eternal Feather"}],"event_choices":[{"cards_removed":["Defend_B"],"damage_healed":0,"gold_gain":0,"player_choice":"Forget","damage_taken":0,"max_hp_gain":0,"max_hp_loss":0,"event_name":"Living Wall","floor":3,"gold_loss":0},{"damage_healed":0,"gold_gain":75,"player_choice":"Gather Gold","damage_taken":11,"max_hp_gain":0,"max_hp_loss":0,"event_name":"World of Goop","floor":12,"gold_loss":0},{"damage_healed":0,"gold_gain":0,"player_choice":"Read","damage_taken":0,"max_hp_gain":0,"max_hp_loss":0,"event_name":"The Library","floor":19,"gold_loss":0,"cards_obtained":["Glacier"]},{"damage_healed":0,"gold_gain":0,"player_choice":"Traded Relic","damage_taken":0,"relics_obtained":["Nloth\u0027s Gift"],"max_hp_gain":0,"max_hp_loss":0,"event_name":"N\u0027loth","floor":21,"relics_lost":["NeowsBlessing"],"gold_loss":0},{"damage_healed":0,"gold_gain":0,"player_choice":"Fought Bandits","damage_taken":0,"max_hp_gain":0,"max_hp_loss":0,"event_name":"Masked Bandits","floor":29,"gold_loss":0}],"is_beta":false,"boss_relics":[{"not_picked":["Sozu","Runic Dome"],"picked":"Fusion Hammer"}],"items_purged_floors":[4,22,30],"is_endless":false,"potions_floor_spawned":[1,5,6,11,24,25,28,29],"killed_by":"Collector","ascension_level":20}