{"gold_per_floor":[116,128,141,66,66,66,97,117,117,117,128,138,138,9,9,83,83,99,99,132,145,161,161,161],"floor_reached":24,"playtime":1290,"items_purged":["Defend_B"],"score":396,"play_id":"4777f620-e406-476b-8c17-4a08d60f18da","local_time":"20230826221400","is_ascension_mode":true,"campfire_choices":[{"data":"Zap","floor":6,"key":"SMITH"},{"floor":10,"key":"REST"},{"floor":13,"key":"REST"},{"data":"Hologram","floor":15,"key":"SMITH"},{"floor":23,"key":"REST"}],"neow_cost":"NONE","seed_source_timestamp":198767815762583,"circlet_count":0,"master_deck":["AscendersBane","Strike_B+1","Strike_B+1","Strike_B","Strike_B","Defend_B","Defend_B","Zap+1","Dualcast","Gash","Coolheaded","Coolheaded","Hologram+1","Barrage","Beam Cell","Electrodynamics"],"relics":["Busted Crown","Whetstone","Inserter","Red Mask"],"potions_floor_usage":[7,16,21,24],"damage_taken":[{"damage":9,"enemies":"Jaw Worm","floor":1,"turns":4},{"damage":5,"enemies":"2 Louse","floor":2,"turns":3},{"damage":1,"enemies":"Cultist","floor":3,"turns":3},{"damage":39,"enemies":"Gremlin Nob","floor":7,"turns":4},{"damage":1,"enemies":"Blue Slaver","floor":8,"turns":2},{"damage":1,"enemies":"2 Fungi Beasts","floor":11,"turns":3},{"damage":5,"enemies":"3 Louse","floor":12,"turns":4},{"damage":48,"enemies":"Hexaghost","floor":16,"turns":10},{"damage":12,"enemies":"3 Byrds","floor":18,"turns":4},{"damage":12,"enemies":"Masked Bandits","floor":20,"turns":2},{"damage":4,"enemies":"Spheric Guardian","floor":21,"turns":3},{"damage":26,"enemies":"3 Cultists","floor":22,"turns":5},{"damage":27,"enemies":"Slavers","floor":24,"turns":2}],"seed_played":"5852210560253337567","potions_obtained":[{"floor":3,"key":"Fire Potion"},{"floor":12,"key":"Regen Potion"},{"floor":16,"key":"DuplicationPotion"},{"floor":20,"key":"Strength Potion"},{"floor":21,"key":"PotionOfCapacity"}],"is_trial":false,"path_per_floor":["M","M","M","?","?","R","E","M","T","R","M","M","R","$","R","B",null,"M","?","?","M","M","R","E"],"character_chosen":"DEFECT","basemod:card_modifiers":[null,null,null,null,null,null,null,null,null,null,null,null,null,null,null,null],"items_purchased":["Beam Cell"],"campfire_rested":3,"item_purchase_floors":[14],"current_hp_per_floor":[55,50,49,49,42,42,3,2,2,23,22,17,38,38,38,5,55,43,43,31,27,1,22,0],"gold":161,"neow_bonus":"BOSS_RELIC","is_prod":false,"is_daily":false,"chose_seed":false,"campfire_upgraded":2,"win_rate":0,"timestamp":1693102440,"path_taken":["M","M","M","?","?","R","E","M","T","R","M","M","R","?","R","BOSS","M","?","?","M","M","R","E"],"build_version":"2022-12-01","purchased_purges":1,"victory":false,"max_hp_per_floor":[71,71,71,71,71,71,71,71,71,71,71,71,71,71,71,71,71,71,71,71,71,71,71,71],"card_choices":[{"not_picked":[],"picked":"Gash","floor":1},{"not_picked":["White Noise"],"picked":"SKIP","floor":2},{"not_picked":[],"picked":"Coolheaded","floor":3},{"not_picked":["Barrage"],"picked":"SKIP","floor":7},{"not_picked":[],"picked":"Coolheaded","floor":8},{"not_picked":[],"picked":"Hologram","floor":11},{"not_picked":["Barrage"],"picked":"SKIP","floor":12},{"not_picked":[],"picked":"Barrage","floor":12},{"not_picked":[],"picked":"Electrodynamics","floor":16},{"not_picked":["Sweeping Beam+1"],"picked":"SKIP","floor":18},{"not_picked":["Sweeping Beam"],"picked":"SKIP","floor":21},{"not_picked":["Beam Cell"],"picked":"SKIP","floor":22}],"player_experience":98875,"relics_obtained":[{"floor":7,"key":"Whetstone"},{"floor":20,"key":"Red Mask"}],"event_choices":[{"damage_healed":0,"gold_gain":0,"player_choice":"Left Gold","damage_taken":0,"max_hp_gain":0,"max_hp_loss":0,"event_name":"World of Goop","floor":4,"gold_loss":75},{"cards_removed":["Defend_B"],"damage_healed":0,"gold_gain":0,"player_choice":"Card Removal","damage_taken":7,"max_hp_gain":0,"max_hp_loss":0,"event_name":"Golden Wing","floor":5,"gold_loss":0},{"damage_healed":0,"gold_gain":0,"player_choice":"Ignored","damage_taken":0,"max_hp_gain":0,"max_hp_loss":0,"event_name":"The Mausoleum","floor":19,"gold_loss":0},{"damage_healed":0,"gold_gain":0,"player_choice":"Fought Bandits","damage_taken":0,"max_hp_gain":0,"max_hp_loss":0,"event_name":"Masked Bandits","floor":20,"gold_loss":0}],"is_beta":false,"boss_relics":[{"not_picked":["SacredBark","Runic Dome"],"picked":"Inserter"}],"items_purged_floors":[14],"is_endless":false,"potions_floor_spawned":[3,12,16,20,21],"killed_by":"Slavers","ascension_level":20}