{"gold_per_floor":[119,119,119,133,144,144,162,162,240,257,285,299,299,326,326,404,404,415,0,13,32,32,32,51,79,106,122,47,47,47,80,80,151,151,170,195,205,223,223,237,237,266,266,281,281,306,316,348,348,348,348,348,348,10,10],"floor_reached":55,"playtime":5210,"items_purged":["Strike_B","Cold Snap"],"score":1968,"play_id":"4e40fe22-6a57-401e-95d6-e643781cf677","local_time":"20230827005259","is_ascension_mode":true,"campfire_choices":[{"data":"Streamline","floor":6.0,"key":"SMITH"},{"data":"Zap","floor":8.0,"key":"SMITH"},{"floor":13.0,"key":"REST"},{"floor":15.0,"key":"REST"},{"data":"Sunder","floor":23.0,"key":"SMITH"},{"data":"Defragment","floor":30.0,"key":"SMITH"},{"floor":32.0,"key":"REST"},{"data":"Hologram","floor":41.0,"key":"SMITH"},{"floor":45.0,"key":"RECALL"},{"data":"Echo Form","floor":49.0,"key":"SMITH"},{"floor":53.0,"key":"REST"}],"neow_cost":"NONE","seed_source_timestamp":204370010226208,"circlet_count":0,"master_deck":["AscendersBane","Zap+1","Dualcast","Streamline+1","Ball Lightning","Leap","Sunder+1","Coolheaded","Echo Form+1","Glacier","Defragment+1","Thunder Strike","Hologram+1","Echo Form","Leap","Melter","Multi-Cast","Reinforced Body","Capacitor","Force Field+1","Self Repair","Electrodynamics","Dark Shackles","Capacitor"],"special_seed":0,"relics":["Black Star","Bronze Scales","White Beast Statue","Mercury Hourglass","InkBottle","Snecko Eye","Mummified Hand","Darkstone Periapt","Symbiotic Virus","MealTicket","Torii","Tiny Chest","Pandora\u0027s Box","Ginger","Pen Nib","Bottled Lightning","Calipers","TungstenRod","Juzu Bracelet","Omamori"],"potions_floor_usage":[55],"damage_taken":[{"damage":9.0,"enemies":"Jaw Worm","floor":1.0,"turns":4.0},{"damage":11.0,"enemies":"Small Slimes","floor":4.0,"turns":4.0},{"damage":1.0,"enemies":"Cultist","floor":5.0,"turns":4.0},{"damage":3.0,"enemies":"2 Fungi Beasts","floor":7.0,"turns":3.0},{"damage":9.0,"enemies":"Exordium Wildlife","floor":10.0,"turns":5.0},{"damage":9.0,"enemies":"Gremlin Nob","floor":11.0,"turns":3.0},{"damage":25.0,"enemies":"Large Slime","floor":12.0,"turns":5.0},{"damage":8.0,"enemies":"Lagavulin","floor":14.0,"turns":7.0},{"damage":34.0,"enemies":"Slime Boss","floor":16.0,"turns":9.0},{"damage":4.0,"enemies":"Spheric Guardian","floor":18.0,"turns":3.0},{"damage":0.0,"enemies":"Chosen","floor":20.0,"turns":3.0},{"damage":0.0,"enemies":"3 Cultists","floor":21.0,"turns":3.0},{"damage":12.0,"enemies":"Chosen and Byrds","floor":24.0,"turns":4.0},{"damage":17.0,"enemies":"Gremlin Leader","floor":25.0,"turns":6.0},{"damage":3.0,"enemies":"Snecko","floor":27.0,"turns":4.0},{"damage":1.0,"enemies":"Book of Stabbing","floor":31.0,"turns":5.0},{"damage":17.0,"enemies":"Collector","floor":33.0,"turns":6.0},{"damage":0.0,"enemies":"3 Darklings","floor":35.0,"turns":3.0},{"damage":0.0,"enemies":"Mind Bloom Boss Battle","floor":36.0,"turns":4.0},{"damage":0.0,"enemies":"3 Shapes","floor":37.0,"turns":4.0},{"damage":16.0,"enemies":"Jaw Worm Horde","floor":38.0,"turns":3.0},{"damage":0.0,"enemies":"4 Shapes","floor":40.0,"turns":4.0},{"damage":12.0,"enemies":"Nemesis","floor":42.0,"turns":3.0},{"damage":0.0,"enemies":"Maw","floor":44.0,"turns":4.0},{"damage":1.0,"enemies":"Reptomancer","floor":46.0,"turns":5.0},{"damage":0.0,"enemies":"Transient","floor":47.0,"turns":6.0},{"damage":0.0,"enemies":"Nemesis","floor":48.0,"turns":5.0},{"damage":50.0,"enemies":"Time Eater","floor":50.0,"turns":10.0},{"damage":33.0,"enemies":"Donu and Deca","floor":51.0,"turns":6.0},{"damage":78,"enemies":"Shield and Spear","floor":55,"turns":3}],"seed_played":"-1030003912894639099","potions_obtained":[{"floor":7.0,"key":"LiquidMemories"},{"floor":12.0,"key":"Block Potion"},{"floor":14.0,"key":"Explosive Potion"},{"floor":16.0,"key":"FocusPotion"},{"floor":20.0,"key":"FocusPotion"},{"floor":21.0,"key":"LiquidBronze"},{"floor":24.0,"key":"EssenceOfDarkness"},{"floor":25.0,"key":"AttackPotion"},{"floor":27.0,"key":"Energy Potion"},{"floor":31.0,"key":"ColorlessPotion"},{"floor":33.0,"key":"EssenceOfDarkness"},{"floor":35.0,"key":"Regen Potion"},{"floor":36.0,"key":"Swift Potion"},{"floor":37.0,"key":"Explosive Potion"},{"floor":38.0,"key":"AttackPotion"},{"floor":40.0,"key":"SteroidPotion"},{"floor":42.0,"key":"Energy Potion"},{"floor":44.0,"key":"Explosive Potion"},{"floor":46.0,"key":"Fire Potion"},{"floor":47.0,"key":"Regen Potion"},{"floor":48.0,"key":"CultistPotion"}],"is_trial":false,"path_per_floor":["M","?","?","M","M","R","M","R","T","M","E","M","R","E","R","B",null,"M","$","M","M","?","R","M","E","T","M","$","?","R","E","R","B",null,"M","?","M","M","?","M","R","E","T","M","R","E","M","E","R","B","B",null,"R","$","E"],"character_chosen":"DEFECT","basemod:card_modifiers":[null,null,null,null,null,null,null,null,null,null,null,null,null,null,null,null,null,null,null,null,null,null,null,null],"items_purchased":["Glacier","Defragment","Mummified Hand","Dark Shackles","Capacitor","BlessingOfTheForge"],"campfire_rested":4,"item_purchase_floors":[19,19,19,54,54,54],"current_hp_per_floor":[55,55,60,49,48,48,45,45,45,36,27,2,24,16,38,4,58,54,54,54,54,54,54,42,25,25,22,37,37,37,36,58,41,67,67,67,67,60,60,67,67,62,62,76,76,76,76,76,76,43,17,61,76,76,0],"gold":10,"neow_bonus":"BOSS_RELIC","is_prod":false,"is_daily":false,"chose_seed":false,"campfire_upgraded":6,"win_rate":0,"timestamp":1693111979,"path_taken":["M","?","?","M","M","R","M","R","T","M","E","M","R","E","R","BOSS","M","$","M","M","?","R","M","E","T","M","?","?","R","E","R","BOSS","M","?","M","M","?","M","R","E","T","M","R","E","M","E","R","BOSS","BOSS","R","$","E"],"build_version":"2022-12-01","purchased_purges":2,"victory":false,"max_hp_per_floor":[71,71,76,76,76,76,76,76,76,76,76,76,76,76,76,76,76,76,76,76,76,76,76,76,76,76,76,76,76,76,76,76,76,76,76,76,76,76,76,76,76,76,76,76,76,76,76,76,76,76,76,76,76,76,76],"card_choices":[{"not_picked":["Conserve Battery","Coolheaded"],"picked":"Streamline","floor":1.0},{"not_picked":["Stack","Go for the Eyes"],"picked":"Ball Lightning","floor":4.0},{"not_picked":["Capacitor","Go for the Eyes"],"picked":"Leap","floor":5.0},{"not_picked":["Aggregate","Recycle"],"picked":"Cold Snap","floor":7.0},{"not_picked":["Go for the Eyes","Genetic Algorithm"],"picked":"Sunder","floor":10.0},{"not_picked":["Creative AI","Sweeping Beam","Aggregate"],"picked":"SKIP","floor":11.0},{"not_picked":["Redo","Rebound"],"picked":"Coolheaded","floor":12.0},{"not_picked":["Redo","Turbo","Fission"],"picked":"SKIP","floor":14.0},{"not_picked":["Multi-Cast","Core Surge"],"picked":"Echo Form","floor":16.0},{"not_picked":["Loop","Rip and Tear","Beam Cell"],"picked":"SKIP","floor":18.0},{"not_picked":["Turbo","Steam+1","Aggregate"],"picked":"SKIP","floor":20.0},{"not_picked":["Turbo","Steam+1","Aggregate"],"picked":"SKIP","floor":20.0},{"not_picked":["Double Energy+1","Steam","Go for the Eyes"],"picked":"SKIP","floor":21.0},{"not_picked":["Compile Driver+1","Turbo+1","Recycle"],"picked":"SKIP","floor":24.0},{"not_picked":["Streamline","Aggregate","Compile Driver"],"picked":"SKIP","floor":25.0},{"not_picked":["Go for the Eyes","Turbo","Reprogram"],"picked":"SKIP","floor":27.0},{"not_picked":["Chaos","Fission","Conserve Battery"],"picked":"SKIP","floor":31.0},{"not_picked":["Core Surge","Fission"],"picked":"Echo Form","floor":33.0},{"not_picked":["Rebound","Sweeping Beam","Redo"],"picked":"SKIP","floor":35.0},{"not_picked":["Conserve Battery","Skim"],"picked":"Force Field+1","floor":36.0},{"not_picked":["Rebound","Rip and Tear","Reprogram"],"picked":"SKIP","floor":37.0},{"not_picked":["Heatsinks","Glacier"],"picked":"Self Repair","floor":38.0},{"not_picked":["Steam Power","Barrage+1"],"picked":"Electrodynamics","floor":40.0},{"not_picked":["Hologram","Stack","Go for the Eyes"],"picked":"SKIP","floor":42.0},{"not_picked":["Hologram","Redo+1","Sunder+1"],"picked":"SKIP","floor":44.0},{"not_picked":["Self Repair","Cold Snap","Double Energy+1"],"picked":"SKIP","floor":46.0},{"not_picked":["Barrage+1","Gash+1","Hologram"],"picked":"SKIP","floor":47.0},{"not_picked":["Stack","Gash","Streamline"],"picked":"SKIP","floor":48.0}],"player_experience":93175,"relics_obtained":[{"floor":11.0,"key":"Bronze Scales"},{"floor":11.0,"key":"White Beast Statue"},{"floor":14.0,"key":"Mercury Hourglass"},{"floor":14.0,"key":"InkBottle"},{"floor":25.0,"key":"Darkstone Periapt"},{"floor":25.0,"key":"Symbiotic Virus"},{"floor":26.0,"key":"MealTicket"},{"floor":31.0,"key":"Torii"},{"floor":31.0,"key":"Tiny Chest"},{"floor":36.0,"key":"Ginger"},{"floor":42.0,"key":"Pen Nib"},{"floor":42.0,"key":"Bottled Lightning"},{"floor":43.0,"key":"Calipers"},{"floor":46.0,"key":"TungstenRod"},{"floor":46.0,"key":"Juzu Bracelet"},{"floor":48.0,"key":"Omamori"}],"event_choices":[{"damage_healed":0.0,"max_hp_gain":0.0,"max_hp_loss":0.0,"gold_gain":0.0,"event_name":"Liars Game","player_choice":"Ignored","floor":2.0,"gold_loss":0.0,"damage_taken":0.0},{"damage_healed":0.0,"max_hp_gain":5.0,"max_hp_loss":0.0,"gold_gain":0.0,"event_name":"Big Fish","player_choice":"Donut","floor":3.0,"gold_loss":0.0,"damage_taken":0.0},{"damage_healed":0.0,"max_hp_gain":0.0,"max_hp_loss":0.0,"gold_gain":0.0,"event_name":"FaceTrader","player_choice":"Leave","floor":22.0,"gold_loss":0.0,"damage_taken":0.0},{"damage_healed":0.0,"max_hp_gain":0.0,"max_hp_loss":0.0,"gold_gain":0.0,"cards_transformed":["Strike_B","Strike_B"],"event_name":"Drug Dealer","player_choice":"Became Test Subject","floor":29.0,"gold_loss":0.0,"damage_taken":0.0,"cards_obtained":["Thunder Strike","Hologram"]},{"damage_healed":0.0,"max_hp_gain":0.0,"max_hp_loss":0.0,"gold_gain":0.0,"event_name":"MindBloom","player_choice":"Fight","floor":36.0,"gold_loss":0.0,"damage_taken":0.0},{"damage_healed":0.0,"max_hp_gain":0.0,"max_hp_loss":0.0,"gold_gain":0.0,"event_name":"Match and Keep!","player_choice":"0 cards matched","floor":39.0,"gold_loss":0.0,"damage_taken":0.0,"cards_obtained":[]}],"is_beta":false,"boss_relics":[{"not_picked":["Busted Crown","SacredBark"],"picked":"Snecko Eye"},{"not_picked":["Sozu","Velvet Choker"],"picked":"Pandora\u0027s Box"}],"items_purged_floors":[28,54],"is_endless":false,"potions_floor_spawned":[7,12,14,16,18,20,21,24,25,27,31,33,35,36,37,38,40,42,44,46,47,48],"killed_by":"Shield and Spear","ascension_level":20}