{"gold_per_floor":[117,127,144,124,136,164,164,164],"floor_reached":8,"playtime":497,"items_purged":[],"score":116,"play_id":"bd24e354-f93d-411d-bb59-a0d0575f6340","local_time":"20230826164118","is_ascension_mode":true,"campfire_choices":[{"floor":7,"key":"REST"}],"neow_cost":"NONE","seed_source_timestamp":183202622136458,"circlet_count":0,"master_deck":["AscendersBane","Strike_B","Strike_B","Strike_B","Strike_B","Defend_B","Defend_B","Defend_B","Defend_B","Zap","Dualcast","Cold Snap","Sweeping Beam","Hyperbeam"],"relics":["Black Star","Nunchaku","Meat on the Bone"],"potions_floor_usage":[3,6,6,6,8],"damage_taken":[{"damage":9,"enemies":"Jaw Worm","floor":1,"turns":5},{"damage":0,"enemies":"Cultist","floor":2,"turns":3},{"damage":11,"enemies":"Small Slimes","floor":3,"turns":4},{"damage":2,"enemies":"2 Fungi Beasts","floor":5,"turns":3},{"damage":31,"enemies":"Gremlin Nob","floor":6,"turns":4},{"damage":41,"enemies":"Lagavulin","floor":8,"turns":7}],"seed_played":"6063956031395764632","potions_obtained":[{"floor":1,"key":"EssenceOfSteel"},{"floor":2,"key":"Strength Potion"},{"floor":4,"key":"EntropicBrew"}],"is_trial":false,"path_per_floor":["M","M","M","?","M","E","R","E"],"character_chosen":"DEFECT","basemod:card_modifiers":[null,null,null,null,null,null,null,null,null,null,null,null,null,null],"items_purchased":[],"campfire_rested":1,"item_purchase_floors":[],"current_hp_per_floor":[55,55,44,44,42,11,32,0],"gold":164,"neow_bonus":"BOSS_RELIC","is_prod":false,"is_daily":false,"chose_seed":false,"campfire_upgraded":0,"win_rate":0,"timestamp":1693082478,"path_taken":["M","M","M","?","M","E","R","E"],"build_version":"2022-12-01","purchased_purges":0,"victory":false,"max_hp_per_floor":[71,71,71,71,71,71,71,71],"card_choices":[{"not_picked":["BootSequence","Heatsinks"],"picked":"Cold Snap","floor":1},{"not_picked":["Fusion","Force Field"],"picked":"Sweeping Beam","floor":2},{"not_picked":["Coolheaded","Rebound"],"picked":"Hyperbeam","floor":3},{"not_picked":["Gash","Stack","Reprogram"],"picked":"SKIP","floor":5},{"not_picked":["Sunder","Capacitor","Barrage"],"picked":"SKIP","floor":6}],"player_experience":112941,"relics_obtained":[{"floor":6,"key":"Nunchaku"},{"floor":6,"key":"Meat on the Bone"}],"event_choices":[{"damage_healed":0,"gold_gain":0,"player_choice":"Bought 1 Potion","damage_taken":0,"max_hp_gain":0,"max_hp_loss":0,"event_name":"The Woman in Blue","floor":4,"gold_loss":0}],"is_beta":false,"boss_relics":[],"items_purged_floors":[],"is_endless":false,"potions_floor_spawned":[1,2],"killed_by":"Lagavulin","ascension_level":20}