{"gold_per_floor":[116,41,41,61,80,80,111,128,151,151],"floor_reached":10,"playtime":556,"items_purged":["Defend_B"],"score":136,"play_id":"e17a3290-91be-4ca5-a3e4-e1cac6f1fa66","local_time":"20230828000731","is_ascension_mode":true,"campfire_choices":[{"data":"Rip and Tear","floor":6,"key":"SMITH"}],"neow_cost":"NONE","seed_source_timestamp":285701451426625,"circlet_count":0,"master_deck":["AscendersBane","Strike_B","Strike_B","Strike_B","Strike_B","Defend_B","Defend_B","Defend_B","Zap","Dualcast","Sweeping Beam","Rip and Tear+1","Streamline","Hologram"],"relics":["Cracked Core","NeowsBlessing","Tiny Chest","Toy Ornithopter"],"potions_floor_usage":[7,8,10],"damage_taken":[{"damage":0,"enemies":"Jaw Worm","floor":1,"turns":1},{"damage":0,"enemies":"Cultist","floor":4,"turns":1},{"damage":0,"enemies":"Small Slimes","floor":5,"turns":1},{"damage":25,"enemies":"Lagavulin","floor":7,"turns":5},{"damage":3,"enemies":"3 Louse","floor":8,"turns":2},{"damage":44,"enemies":"Gremlin Nob","floor":10,"turns":3}],"seed_played":"7785182715934908437","potions_obtained":[{"floor":3,"key":"SneckoOil"},{"floor":3,"key":"PowerPotion"},{"floor":8,"key":"GamblersBrew"}],"is_trial":false,"path_per_floor":["M","$","?","M","M","R","E","M","T","E"],"character_chosen":"DEFECT","basemod:card_modifiers":[null,null,null,null,null,null,null,null,null,null,null,null,null,null],"items_purchased":[],"campfire_rested":0,"item_purchase_floors":[],"current_hp_per_floor":[64,64,64,64,64,64,39,36,36,0],"gold":151,"neow_bonus":"THREE_ENEMY_KILL","is_prod":false,"is_daily":false,"chose_seed":false,"campfire_upgraded":1,"win_rate":0,"timestamp":1693195651,"path_taken":["M","$","?","?","M","R","E","M","T","E"],"build_version":"2022-12-01","purchased_purges":1,"victory":false,"max_hp_per_floor":[71,71,71,71,71,71,71,71,71,71],"card_choices":[{"not_picked":["Beam Cell","Tempest"],"picked":"Sweeping Beam","floor":1},{"not_picked":["Sunder","Beam Cell"],"picked":"Rip and Tear","floor":4},{"not_picked":["Conserve Battery","Undo"],"picked":"Streamline","floor":5},{"not_picked":["Steam Power","Fusion","Streamline"],"picked":"SKIP","floor":7},{"not_picked":["Machine Learning","Undo"],"picked":"Hologram","floor":8}],"player_experience":99647,"relics_obtained":[{"floor":7,"key":"Tiny Chest"},{"floor":9,"key":"Toy Ornithopter"}],"event_choices":[{"damage_healed":0,"gold_gain":0,"player_choice":"Got Potions","damage_taken":0,"max_hp_gain":0,"max_hp_loss":0,"event_name":"Lab","floor":3,"gold_loss":0}],"is_beta":false,"boss_relics":[],"items_purged_floors":[2],"is_endless":false,"potions_floor_spawned":[8],"killed_by":"Gremlin Nob","ascension_level":20}