{"gold_per_floor":[116,132,142,155,12,47,47,79,79,79,97,124,124,137,137,216,216,230,230,248,262,262,262,262],"floor_reached":24,"playtime":1990,"items_purged":[],"score":536,"play_id":"7a07af29-91be-4c94-878a-d086cee0cff3","local_time":"20230828114257","is_ascension_mode":true,"campfire_choices":[{"data":"Defragment","floor":7,"key":"SMITH"},{"data":"Zap","floor":10,"key":"SMITH"},{"data":"Strike_B","floor":15,"key":"PURGE"},{"data":"Pain","floor":23,"key":"PURGE"}],"neow_cost":"NONE","seed_source_timestamp":300599041432291,"circlet_count":0,"master_deck":["AscendersBane","Strike_B","Strike_B","Defend_B","Defend_B","Defend_B","Defend_B","Zap+1","Dualcast","Cold Snap","Ball Lightning","Undo","Defragment+1","Rebound","Reboot","Conserve Battery","Skim","Cold Snap","Seek","Hologram","Turbo"],"relics":["SlaversCollar","Oddly Smooth Stone","Strawberry","Peace Pipe","Coffee Dripper","WarpedTongs","Shuriken"],"potions_floor_usage":[6,8,12,18,20,24,24],"damage_taken":[{"damage":1,"enemies":"Cultist","floor":1,"turns":3},{"damage":5,"enemies":"Small Slimes","floor":2,"turns":4},{"damage":4,"enemies":"2 Louse","floor":3,"turns":3},{"damage":0,"enemies":"2 Fungi Beasts","floor":4,"turns":3},{"damage":16,"enemies":"3 Sentries","floor":6,"turns":8},{"damage":19,"enemies":"Lagavulin","floor":8,"turns":6},{"damage":4,"enemies":"Blue Slaver","floor":11,"turns":4},{"damage":11,"enemies":"Gremlin Nob","floor":12,"turns":3},{"damage":4,"enemies":"Exordium Thugs","floor":14,"turns":5},{"damage":0,"enemies":"The Guardian","floor":16,"turns":11},{"damage":8,"enemies":"Chosen","floor":18,"turns":6},{"damage":14,"enemies":"2 Thieves","floor":20,"turns":4},{"damage":19,"enemies":"Centurion and Healer","floor":21,"turns":9},{"damage":25,"enemies":"Book of Stabbing","floor":24,"turns":5}],"seed_played":"5485005485245614117","potions_obtained":[{"floor":3,"key":"Regen Potion"},{"floor":8,"key":"SpeedPotion"},{"floor":11,"key":"PowerPotion"},{"floor":14,"key":"EssenceOfSteel"},{"floor":18,"key":"Block Potion"},{"floor":20,"key":"GamblersBrew"}],"is_trial":false,"path_per_floor":["M","M","M","M","$","E","R","E","T","R","M","E","?","M","R","B",null,"M","?","M","M","T","R","E"],"character_chosen":"DEFECT","basemod:card_modifiers":[null,null,null,null,null,null,null,null,null,null,null,null,null,null,null,null,null,null,null,null,null],"items_purchased":["Defragment","Rebound","FearPotion"],"campfire_rested":0,"item_purchase_floors":[5,5,5],"current_hp_per_floor":[63,58,54,54,54,53,53,41,41,41,37,26,26,22,22,22,64,56,56,42,23,23,23,0],"gold":262,"neow_bonus":"BOSS_RELIC","is_prod":false,"is_daily":false,"chose_seed":false,"campfire_upgraded":2,"win_rate":0,"timestamp":1693237377,"path_taken":["M","?","M","M","$","E","R","E","T","R","M","E","?","M","R","BOSS","M","?","?","M","?","R","E"],"build_version":"2022-12-01","purchased_purges":0,"victory":false,"max_hp_per_floor":[71,71,71,71,71,71,71,78,78,78,78,78,78,78,78,78,78,78,78,78,78,78,78,78],"card_choices":[{"not_picked":["Go for the Eyes","Steam Power"],"picked":"Cold Snap","floor":1},{"not_picked":["Barrage","Streamline"],"picked":"Ball Lightning","floor":2},{"not_picked":["Rip and Tear","Streamline"],"picked":"Undo","floor":3},{"not_picked":["Fusion","Steam","Hello World"],"picked":"SKIP","floor":4},{"not_picked":["Heatsinks","Leap"],"picked":"Reboot","floor":6},{"not_picked":["Cold Snap","Beam Cell","Leap"],"picked":"SKIP","floor":8},{"not_picked":["Rebound","Redo"],"picked":"Conserve Battery","floor":11},{"not_picked":["Fission","Undo"],"picked":"Skim","floor":12},{"not_picked":["Conserve Battery","Cold Snap","Turbo"],"picked":"SKIP","floor":14},{"not_picked":["Reboot","Hyperbeam"],"picked":"Seek","floor":16},{"not_picked":["Capacitor","Cold Snap+1"],"picked":"Hologram","floor":18},{"not_picked":["Leap","Conserve Battery+1","Reinforced Body"],"picked":"SKIP","floor":20},{"not_picked":["Redo","Ball Lightning"],"picked":"Turbo","floor":21}],"player_experience":102671,"relics_obtained":[{"floor":6,"key":"Oddly Smooth Stone"},{"floor":8,"key":"Strawberry"},{"floor":12,"key":"Peace Pipe"},{"floor":22,"key":"Shuriken"}],"event_choices":[{"damage_healed":0,"gold_gain":0,"cards_transformed":["Strike_B"],"player_choice":"Transformed","damage_taken":0,"max_hp_gain":0,"max_hp_loss":0,"event_name":"Transmorgrifier","floor":13,"gold_loss":0,"cards_obtained":["Cold Snap"]},{"damage_healed":0,"gold_gain":0,"player_choice":"Rummage","damage_taken":0,"relics_obtained":["WarpedTongs"],"max_hp_gain":0,"max_hp_loss":0,"event_name":"Accursed Blacksmith","floor":19,"gold_loss":0,"cards_obtained":["Pain"]}],"is_beta":false,"boss_relics":[{"not_picked":["Runic Dome","Tiny House"],"picked":"Coffee Dripper"}],"items_purged_floors":[],"is_endless":false,"potions_floor_spawned":[3,8,11,14,18,20],"killed_by":"Book of Stabbing","ascension_level":20}