{"gold_per_floor":[110,110,75,75,75,100,111,140,187,187,55,55,70,97,97,173,173,189,189,206,206,131,162,162,162,186,217,3,16,16,66,66,143,143,155,30,47,47,62,62,32,57,134,134,134,134,161,161,161,161],"floor_reached":50,"playtime":3979,"items_purged":["Strike_B","Beam Cell","Auto Shields"],"score":1211,"play_id":"1c859fd5-228c-4e59-9fa7-6a199c38b446","local_time":"20230829160050","is_ascension_mode":true,"campfire_choices":[{"floor":10,"key":"REST"},{"data":"Buffer","floor":12,"key":"SMITH"},{"data":"Defragment","floor":15,"key":"SMITH"},{"floor":25,"key":"REST"},{"data":"Zap","floor":30,"key":"SMITH"},{"floor":32,"key":"REST"},{"floor":40,"key":"REST"},{"floor":49,"key":"RECALL"}],"neow_cost":"NONE","seed_source_timestamp":376637491219958,"circlet_count":0,"master_deck":["AscendersBane","Defend_B+1","Defend_B+1","Zap+1","Dualcast","Reboot","Doom and Gloom","Buffer+1","Electrodynamics","Cold Snap","Defragment+1","Meteor Strike","Self Repair","Defragment+1","Capacitor","Compile Driver","Undo","Seek","Seek"],"relics":["Cracked Core","NeowsBlessing","Oddly Smooth Stone","Juzu Bracelet","Omamori","SlaversCollar","Letter Opener","Orichalcum","Potion Belt","Fusion Hammer","Regal Pillow","Bottled Flame","Boot","Bronze Scales"],"potions_floor_usage":[14,18,23,27,37,39,47,50],"damage_taken":[{"damage":0,"enemies":"2 Louse","floor":1,"turns":1},{"damage":0,"enemies":"Lagavulin","floor":6,"turns":1},{"damage":0,"enemies":"Small Slimes","floor":7,"turns":1},{"damage":42,"enemies":"Gremlin Nob","floor":8,"turns":5},{"damage":0,"enemies":"Cultist","floor":13,"turns":3},{"damage":10,"enemies":"3 Sentries","floor":14,"turns":3},{"damage":10,"enemies":"Hexaghost","floor":16,"turns":9},{"damage":7,"enemies":"Spheric Guardian","floor":18,"turns":3},{"damage":23,"enemies":"Shell Parasite","floor":20,"turns":5},{"damage":46,"enemies":"Slavers","floor":23,"turns":5},{"damage":0,"enemies":"Gremlin Leader","floor":27,"turns":5},{"damage":20,"enemies":"Centurion and Healer","floor":29,"turns":3},{"damage":10,"enemies":"Collector","floor":33,"turns":9},{"damage":2,"enemies":"3 Shapes","floor":35,"turns":4},{"damage":13,"enemies":"3 Darklings","floor":37,"turns":3},{"damage":35,"enemies":"4 Shapes","floor":39,"turns":3},{"damage":0,"enemies":"Reptomancer","floor":47,"turns":4},{"damage":78,"enemies":"Donu and Deca","floor":50,"turns":7}],"seed_played":"-3002636499699952430","potions_obtained":[{"floor":8,"key":"FearPotion"},{"floor":13,"key":"Fire Potion"},{"floor":16,"key":"Fire Potion"},{"floor":18,"key":"SpeedPotion"},{"floor":29,"key":"SneckoOil"},{"floor":33,"key":"ColorlessPotion"},{"floor":35,"key":"Explosive Potion"},{"floor":41,"key":"BlessingOfTheForge"},{"floor":41,"key":"ColorlessPotion"}],"is_trial":false,"path_per_floor":["M","?","?","?","?","E","M","E","T","R","$","R","M","E","R","B",null,"M","?","M","?","?","E","?","R","T","E","$","M","R","?","R","B",null,"M","$","M","?","M","R","?","T","T","?","?","$","E","?","R","B"],"character_chosen":"DEFECT","basemod:card_modifiers":[null,null,null,null,null,null,null,null,null,null,null,null,null,null,null,null,null,null,null],"items_purchased":["Cold Snap","Compile Driver","Swift Potion"],"campfire_rested":4,"item_purchase_floors":[11,28,28],"current_hp_per_floor":[64,43,60,60,53,53,53,11,11,32,32,32,32,22,22,12,56,49,49,33,71,71,32,32,53,53,60,60,47,47,47,68,65,70,71,71,65,65,37,58,58,58,58,71,71,71,71,71,71,0],"gold":161,"neow_bonus":"THREE_ENEMY_KILL","is_prod":false,"is_daily":false,"chose_seed":false,"campfire_upgraded":3,"win_rate":0,"timestamp":1693339250,"path_taken":["M","?","?","?","?","E","M","E","T","R","$","R","M","E","R","BOSS","M","?","M","?","?","E","?","R","T","E","$","M","R","?","R","BOSS","M","$","M","?","M","R","?","?","T","?","?","?","E","?","R","BOSS"],"build_version":"2022-12-01","purchased_purges":3,"victory":false,"max_hp_per_floor":[71,71,71,71,71,71,71,71,71,71,71,71,71,71,71,71,71,71,71,71,71,71,71,71,71,71,71,71,71,71,71,71,71,71,71,71,71,71,71,71,71,71,71,71,71,71,71,71,71,71],"card_choices":[{"not_picked":["Barrage","Redo"],"picked":"Beam Cell","floor":1},{"not_picked":["Sweeping Beam","Heatsinks"],"picked":"Doom and Gloom","floor":6},{"not_picked":["Auto Shields","Skim"],"picked":"Buffer","floor":7},{"not_picked":["Redo","Gash"],"picked":"Electrodynamics","floor":8},{"not_picked":["Compile Driver","Beam Cell"],"picked":"Defragment","floor":13},{"not_picked":["Amplify","White Noise","Turbo"],"picked":"SKIP","floor":14},{"not_picked":["Amplify","Rainbow"],"picked":"Meteor Strike","floor":16},{"not_picked":["Sweeping Beam","Ball Lightning"],"picked":"Auto Shields","floor":18},{"not_picked":["Hello World","Blizzard","Reprogram"],"picked":"SKIP","floor":20},{"not_picked":["Leap","Creative AI","Cold Snap"],"picked":"SKIP","floor":23},{"not_picked":["Gash","Chaos"],"picked":"Capacitor","floor":27},{"not_picked":["Gash","Go for the Eyes"],"picked":"Undo","floor":29},{"not_picked":["Core Surge","Hyperbeam"],"picked":"Seek","floor":33},{"not_picked":["Go for the Eyes+1","Stack","Redo+1"],"picked":"SKIP","floor":35},{"not_picked":["Go for the Eyes+1","Stack","Redo+1"],"picked":"SKIP","floor":35},{"not_picked":["Coolheaded","Redo","Streamline"],"picked":"SKIP","floor":37},{"not_picked":["Coolheaded","Redo","Streamline"],"picked":"SKIP","floor":37},{"not_picked":["Coolheaded","Self Repair+1"],"picked":"Seek","floor":39},{"not_picked":["Coolheaded","Tempest","Chaos+1"],"picked":"SKIP","floor":47}],"player_experience":110727,"relics_obtained":[{"floor":6,"key":"Oddly Smooth Stone"},{"floor":8,"key":"Juzu Bracelet"},{"floor":14,"key":"Omamori"},{"floor":23,"key":"Letter Opener"},{"floor":26,"key":"Orichalcum"},{"floor":27,"key":"Potion Belt"},{"floor":42,"key":"Regal Pillow"},{"floor":43,"key":"Bottled Flame"},{"floor":47,"key":"Boot"}],"event_choices":[{"damage_healed":0,"gold_gain":0,"player_choice":"Entered Light","damage_taken":21,"max_hp_gain":0,"max_hp_loss":0,"event_name":"Shining Light","floor":2,"gold_loss":0,"cards_upgraded":["Defend_B","Defend_B"]},{"damage_healed":17,"gold_gain":0,"player_choice":"Healed","damage_taken":0,"max_hp_gain":0,"max_hp_loss":0,"event_name":"The Cleric","floor":3,"gold_loss":35},{"damage_healed":0,"gold_gain":0,"cards_transformed":["Defend_B"],"player_choice":"Change","damage_taken":0,"max_hp_gain":0,"max_hp_loss":0,"event_name":"Living Wall","floor":4,"gold_loss":0,"cards_obtained":["Reboot"]},{"cards_removed":["Strike_B"],"damage_healed":0,"gold_gain":0,"player_choice":"Card Removal","damage_taken":7,"max_hp_gain":0,"max_hp_loss":0,"event_name":"Golden Wing","floor":5,"gold_loss":0},{"damage_healed":0,"gold_gain":0,"cards_transformed":["Strike_B","Strike_B"],"player_choice":"Became Test Subject","damage_taken":0,"max_hp_gain":0,"max_hp_loss":0,"event_name":"Drug Dealer","floor":19,"gold_loss":0,"cards_obtained":["Scrape","Self Repair"]},{"cards_removed":["Scrape"],"damage_healed":38,"gold_gain":0,"player_choice":"Offered Uncommon","damage_taken":0,"max_hp_gain":0,"max_hp_loss":0,"event_name":"Bonfire Elementals","floor":21,"gold_loss":0},{"cards_removed":["Defend_B"],"damage_healed":0,"gold_gain":0,"player_choice":"Gave Gold","damage_taken":0,"max_hp_gain":0,"max_hp_loss":0,"event_name":"Beggar","floor":22,"gold_loss":75},{"damage_healed":0,"gold_gain":0,"player_choice":"Copied","damage_taken":0,"max_hp_gain":0,"max_hp_loss":0,"event_name":"Duplicator","floor":24,"gold_loss":0,"cards_obtained":["Defragment"]},{"damage_healed":0,"gold_gain":50,"player_choice":"Stole From Cult","damage_taken":0,"max_hp_gain":0,"max_hp_loss":0,"event_name":"Nest","floor":31,"gold_loss":0},{"damage_healed":0,"gold_gain":0,"player_choice":"Ignored","damage_taken":0,"max_hp_gain":0,"max_hp_loss":0,"event_name":"SecretPortal","floor":38,"gold_loss":0},{"damage_healed":0,"gold_gain":0,"player_choice":"Bought 2 Potions","damage_taken":0,"max_hp_gain":0,"max_hp_loss":0,"event_name":"The Woman in Blue","floor":41,"gold_loss":0},{"damage_healed":14,"gold_gain":0,"player_choice":"Writhe","damage_taken":0,"max_hp_gain":0,"max_hp_loss":0,"event_name":"Winding Halls","floor":44,"gold_loss":0,"cards_obtained":["Writhe"]},{"damage_healed":0,"gold_gain":0,"player_choice":"0 cards matched","damage_taken":0,"max_hp_gain":0,"max_hp_loss":0,"event_name":"Match and Keep!","floor":45,"gold_loss":0,"cards_obtained":[]},{"damage_healed":0,"gold_gain":0,"player_choice":"Gave Potion","damage_taken":0,"relics_obtained":["Bronze Scales"],"max_hp_gain":0,"max_hp_loss":0,"event_name":"WeMeetAgain","floor":48,"gold_loss":0}],"is_beta":false,"boss_relics":[{"not_picked":["Ectoplasm","Inserter"],"picked":"SlaversCollar"},{"not_picked":["Tiny House","Snecko Eye"],"picked":"Fusion Hammer"}],"items_purged_floors":[11,28,36],"is_endless":false,"potions_floor_spawned":[8,13,16,18,29,33,35],"killed_by":"Donu and Deca","ascension_level":20}