{"gold_per_floor":[113,124,141,151,151,185,185,210,234,234,249,249,274,274,274,274],"floor_reached":16,"playtime":890,"items_purged":[],"score":240,"play_id":"f5c18fa9-980d-4200-bcf8-f8901ac6405d","local_time":"20230828175232","is_ascension_mode":true,"campfire_choices":[{"data":"Zap","floor":7,"key":"SMITH"},{"floor":10,"key":"REST"},{"floor":12,"key":"REST"},{"data":"Hyperbeam","floor":15,"key":"SMITH"}],"neow_cost":"NONE","seed_source_timestamp":321693923790334,"circlet_count":0,"master_deck":["AscendersBane","Strike_B","Strike_B","Strike_B","Strike_B","Defend_B","Defend_B","Defend_B","Defend_B","Zap+1","Dualcast","Go for the Eyes","Cold Snap","FTL","Scrape","BootSequence","Hyperbeam+1","Rebound"],"relics":["Cracked Core","Ancient Tea Set","Blue Candle","Akabeko","Orichalcum","Juzu Bracelet"],"potions_floor_usage":[8,8,16],"damage_taken":[{"damage":7,"enemies":"Small Slimes","floor":1,"turns":3},{"damage":1,"enemies":"Cultist","floor":2,"turns":3},{"damage":6,"enemies":"2 Louse","floor":3,"turns":3},{"damage":0,"enemies":"Looter","floor":4,"turns":3},{"damage":27,"enemies":"3 Sentries","floor":6,"turns":10},{"damage":30,"enemies":"Gremlin Nob","floor":8,"turns":4},{"damage":0,"enemies":"2 Fungi Beasts","floor":11,"turns":2},{"damage":19,"enemies":"Lagavulin","floor":13,"turns":8},{"damage":40,"enemies":"The Guardian","floor":16,"turns":7}],"seed_played":"-9184670129061424739","potions_obtained":[{"floor":1,"key":"SneckoOil"},{"floor":6,"key":"Regen Potion"},{"floor":11,"key":"Energy Potion"}],"is_trial":false,"path_per_floor":["M","M","M","M","?","E","R","E","T","R","M","R","E","?","R","B"],"character_chosen":"DEFECT","basemod:card_modifiers":[null,null,null,null,null,null,null,null,null,null,null,null,null,null,null,null,null,null],"items_purchased":[],"campfire_rested":2,"item_purchase_floors":[],"current_hp_per_floor":[57,56,50,50,50,23,23,5,5,26,26,47,28,33,33,0],"gold":274,"neow_bonus":"RANDOM_COMMON_RELIC","is_prod":false,"is_daily":false,"chose_seed":false,"campfire_upgraded":2,"win_rate":0,"timestamp":1693259552,"path_taken":["M","M","M","M","?","E","R","E","T","R","M","R","E","?","R","BOSS"],"build_version":"2022-12-01","purchased_purges":0,"victory":false,"max_hp_per_floor":[71,71,71,71,71,71,71,71,71,71,71,71,71,76,76,76],"card_choices":[{"not_picked":["Fusion","Steam"],"picked":"Go for the Eyes","floor":1},{"not_picked":["Compile Driver","Redo"],"picked":"Cold Snap","floor":2},{"not_picked":["Beam Cell","Recycle"],"picked":"FTL","floor":3},{"not_picked":["Go for the Eyes","Gash"],"picked":"Scrape","floor":4},{"not_picked":["Go for the Eyes","Blizzard","Turbo"],"picked":"SKIP","floor":6},{"not_picked":["Ball Lightning","Hologram"],"picked":"Hyperbeam","floor":8},{"not_picked":["Redo","Sweeping Beam"],"picked":"Rebound","floor":11},{"not_picked":["Beam Cell","White Noise","Machine Learning"],"picked":"SKIP","floor":13}],"player_experience":106851,"relics_obtained":[{"floor":6,"key":"Blue Candle"},{"floor":8,"key":"Akabeko"},{"floor":9,"key":"Orichalcum"},{"floor":13,"key":"Juzu Bracelet"}],"event_choices":[{"damage_healed":0,"gold_gain":0,"player_choice":"1 cards matched","damage_taken":0,"max_hp_gain":0,"max_hp_loss":0,"event_name":"Match and Keep!","floor":5,"gold_loss":0,"cards_obtained":["BootSequence"]},{"damage_healed":0,"gold_gain":0,"player_choice":"Donut","damage_taken":0,"max_hp_gain":5,"max_hp_loss":0,"event_name":"Big Fish","floor":14,"gold_loss":0}],"is_beta":false,"boss_relics":[],"items_purged_floors":[],"is_endless":false,"potions_floor_spawned":[1,6,11],"killed_by":"The Guardian","ascension_level":20}