{"gold_per_floor":[216,234,250,7,47,47,77,77,101,101,132,149,149,165,165,242,242,258,271,271,288,17,51,51,80,80,135,163,175,208,249,249,327,327,341,341,359,179,192,192,219,219,219,219,236,236,262,280,280,320],"floor_reached":50,"playtime":5121,"items_purged":["Defend_B","Strike_B","Pain"],"score":1334,"play_id":"3123ee9f-c716-48b4-b267-3c96a3ba3b1f","local_time":"20230907151120","is_ascension_mode":true,"campfire_choices":[{"data":"Zap","floor":6.0,"key":"SMITH"},{"data":"Streamline","floor":8.0,"key":"SMITH"},{"data":"Hologram","floor":10.0,"key":"SMITH"},{"data":"Coolheaded","floor":13.0,"key":"SMITH"},{"data":"Recycle","floor":15.0,"key":"SMITH"},{"data":"White Noise","floor":24.0,"key":"SMITH"},{"data":"Consume","floor":32.0,"key":"SMITH"},{"data":"Biased Cognition","floor":40,"key":"SMITH"},{"floor":46,"key":"RECALL"},{"floor":49,"key":"REST"}],"neow_cost":"NONE","seed_source_timestamp":0,"circlet_count":0,"master_deck":["AscendersBane","Defend_B","Defend_B","Defend_B+1","Zap+1","Dualcast+1","Streamline+1","FTL+1","Electrodynamics","BootSequence","Hologram+1","White Noise+1","Coolheaded+1","Recycle+1","Biased Cognition+1","Leap+1","All For One+1","Stack+1","Ball Lightning+1","Steam Power+1","Loop","Consume+1","Creative AI","Jack Of All Trades","Reboot+1","Reprogram+1"],"special_seed":0,"relics":["Cracked Core","Toolbox","Lantern","Anchor","War Paint","Astrolabe","PreservedInsect","Gremlin Horn","Oddly Smooth Stone","Sundial","DataDisk","Art of War","StrikeDummy","SlaversCollar","WarpedTongs","Whetstone","Toxic Egg 2"],"potions_floor_usage":[37,41,50],"damage_taken":[{"damage":1.0,"enemies":"Small Slimes","floor":1.0,"turns":3.0},{"damage":7.0,"enemies":"Jaw Worm","floor":2.0,"turns":3.0},{"damage":1.0,"enemies":"Cultist","floor":3.0,"turns":3.0},{"damage":8.0,"enemies":"Blue Slaver","floor":5.0,"turns":3.0},{"damage":10.0,"enemies":"Gremlin Nob","floor":7.0,"turns":3.0},{"damage":3.0,"enemies":"3 Sentries","floor":11.0,"turns":6.0},{"damage":0.0,"enemies":"2 Fungi Beasts","floor":12.0,"turns":1.0},{"damage":0.0,"enemies":"Exordium Wildlife","floor":14.0,"turns":2.0},{"damage":23.0,"enemies":"Hexaghost","floor":16.0,"turns":8.0},{"damage":0.0,"enemies":"Spheric Guardian","floor":18.0,"turns":3.0},{"damage":0.0,"enemies":"Chosen","floor":19.0,"turns":3.0},{"damage":4.0,"enemies":"Shelled Parasite and Fungi","floor":21.0,"turns":3.0},{"damage":10.0,"enemies":"Book of Stabbing","floor":23.0,"turns":3.0},{"damage":3.0,"enemies":"Slavers","floor":25.0,"turns":3.0},{"damage":0.0,"enemies":"Gremlin Leader","floor":28.0,"turns":4.0},{"damage":0.0,"enemies":"Centurion and Healer","floor":29.0,"turns":5.0},{"damage":1.0,"enemies":"Book of Stabbing","floor":30.0,"turns":2.0},{"damage":6.0,"enemies":"3 Cultists","floor":31.0,"turns":3.0},{"damage":21.0,"enemies":"Champ","floor":33.0,"turns":11.0},{"damage":3,"enemies":"3 Shapes","floor":35,"turns":3},{"damage":1,"enemies":"3 Darklings","floor":37,"turns":3},{"damage":0,"enemies":"Transient","floor":39,"turns":6},{"damage":0,"enemies":"Reptomancer","floor":41,"turns":5},{"damage":0,"enemies":"Maw","floor":45,"turns":5},{"damage":10,"enemies":"Giant Head","floor":47,"turns":5},{"damage":0,"enemies":"4 Shapes","floor":48,"turns":1},{"damage":70,"enemies":"Awakened One","floor":50,"turns":8}],"seed_played":"-7604893805734819569","potions_obtained":[{"floor":2.0,"key":"DistilledChaos"},{"floor":5.0,"key":"Explosive Potion"},{"floor":16.0,"key":"Strength Potion"},{"floor":18.0,"key":"FearPotion"},{"floor":19.0,"key":"Swift Potion"},{"floor":29.0,"key":"Energy Potion"},{"floor":30.0,"key":"BlessingOfTheForge"},{"floor":31.0,"key":"ColorlessPotion"},{"floor":35,"key":"Fire Potion"},{"floor":39,"key":"Dexterity Potion"},{"floor":48,"key":"Fire Potion"}],"is_trial":false,"path_per_floor":["M","M","M","$","M","R","E","R","T","R","E","M","R","M","R","B",null,"M","M","?","M","$","E","R","E","T","T","E","M","E","M","R","B",null,"M","?","M","$","M","R","E","?","T","?","M","R","E","M","R","B"],"character_chosen":"DEFECT","basemod:card_modifiers":[null,null,null,null,null,null,null,null,null,null,null,null,null,null,null,null,null,null,null,null,null,null,null,null,null,null],"items_purchased":["Toolbox","PreservedInsect","Dexterity Potion"],"campfire_rested":1,"item_purchase_floors":[4,22,38],"current_hp_per_floor":[63,56,55,55,47,47,37,37,37,37,34,34,34,34,34,11,56,56,56,56,52,52,42,42,39,39,39,39,39,38,32,32,11,56,53,53,52,52,52,52,52,52,52,52,52,52,42,42,62,0],"gold":320,"neow_bonus":"HUNDRED_GOLD","is_prod":false,"is_daily":false,"chose_seed":false,"campfire_upgraded":8,"win_rate":0,"timestamp":1694113880,"path_taken":["M","M","M","$","M","R","E","R","T","R","E","M","R","M","R","BOSS","M","M","?","M","$","E","R","E","T","?","E","M","E","M","R","BOSS","M","?","?","$","M","R","E","?","T","?","M","R","E","M","R","BOSS"],"build_version":"2022-12-01","purchased_purges":3,"victory":false,"max_hp_per_floor":[71,71,71,71,71,71,71,71,71,71,71,71,71,71,71,71,71,71,71,71,71,71,71,71,71,71,71,71,71,71,71,71,71,71,71,71,71,71,71,71,71,71,71,67,67,67,67,67,67,67],"card_choices":[{"not_picked":["Turbo","Blizzard"],"picked":"Streamline","floor":1.0},{"not_picked":["Fusion","Steam"],"picked":"FTL","floor":2.0},{"not_picked":["Streamline","Doom and Gloom"],"picked":"Electrodynamics","floor":3.0},{"not_picked":["Chaos","Stack"],"picked":"BootSequence","floor":5.0},{"not_picked":["Sweeping Beam","Tempest"],"picked":"Hologram","floor":7.0},{"not_picked":["Stack","Barrage"],"picked":"White Noise","floor":11.0},{"not_picked":["Hello World","Skim"],"picked":"Coolheaded","floor":12.0},{"not_picked":["Gash","Ball Lightning"],"picked":"Recycle","floor":14.0},{"not_picked":["Rainbow","Hyperbeam"],"picked":"Biased Cognition","floor":16.0},{"not_picked":["Barrage","Rebound","Blizzard+1"],"picked":"SKIP","floor":18.0},{"not_picked":["Barrage","Rebound","Blizzard+1"],"picked":"SKIP","floor":18.0},{"not_picked":["Barrage","Rebound","Blizzard+1"],"picked":"SKIP","floor":18.0},{"not_picked":["Compile Driver","Reinforced Body"],"picked":"Ball Lightning","floor":19.0},{"not_picked":["Streamline","Chaos","Stack"],"picked":"SKIP","floor":21.0},{"not_picked":["Multi-Cast","Hologram","Cold Snap"],"picked":"SKIP","floor":23.0},{"not_picked":["Redo","Electrodynamics"],"picked":"Steam Power+1","floor":25.0},{"not_picked":["Coolheaded","Streamline","Hologram+1"],"picked":"SKIP","floor":28.0},{"not_picked":["Rebound","Go for the Eyes"],"picked":"Loop","floor":29.0},{"not_picked":["Steam","Go for the Eyes","Hello World"],"picked":"SKIP","floor":30.0},{"not_picked":["Rebound+1","Chaos"],"picked":"Consume","floor":31.0},{"not_picked":["Echo Form","Amplify"],"picked":"Creative AI","floor":33.0},{"not_picked":["Gash","Conserve Battery+1","Barrage"],"picked":"SKIP","floor":35},{"not_picked":["Rebound","Fission","Beam Cell"],"picked":"SKIP","floor":37},{"not_picked":["Doom and Gloom","Recycle","Force Field"],"picked":"SKIP","floor":39},{"not_picked":["Fission","Steam","Gash+1"],"picked":"SKIP","floor":41},{"not_picked":["Chrysalis","Mind Blast"],"picked":"Jack Of All Trades","floor":42},{"not_picked":["Stack","Beam Cell","Defragment"],"picked":"SKIP","floor":45},{"not_picked":["Rebound+1","Stack+1"],"picked":"Reboot+1","floor":47},{"not_picked":["Streamline+1","Melter"],"picked":"Reprogram+1","floor":48}],"player_experience":146448,"relics_obtained":[{"floor":7.0,"key":"Lantern"},{"floor":9.0,"key":"Anchor"},{"floor":11.0,"key":"War Paint"},{"floor":23.0,"key":"Gremlin Horn"},{"floor":25.0,"key":"Oddly Smooth Stone"},{"floor":26.0,"key":"Sundial"},{"floor":27.0,"key":"DataDisk"},{"floor":28.0,"key":"Art of War"},{"floor":30.0,"key":"StrikeDummy"},{"floor":41,"key":"Whetstone"},{"floor":47,"key":"Toxic Egg 2"}],"event_choices":[{"damage_healed":0.0,"max_hp_gain":0.0,"max_hp_loss":0.0,"gold_gain":0.0,"event_name":"The Mausoleum","player_choice":"Ignored","floor":20.0,"gold_loss":0.0,"damage_taken":0.0},{"damage_healed":0,"gold_gain":0,"player_choice":"Rummage","damage_taken":0,"relics_obtained":["WarpedTongs"],"max_hp_gain":0,"max_hp_loss":0,"event_name":"Accursed Blacksmith","floor":36,"gold_loss":0,"cards_obtained":["Pain"]},{"damage_healed":0,"gold_gain":0,"player_choice":"Memory 1","damage_taken":0,"max_hp_gain":0,"max_hp_loss":0,"event_name":"SensoryStone","floor":42,"gold_loss":0},{"damage_healed":0,"gold_gain":0,"player_choice":"Max HP","damage_taken":0,"max_hp_gain":0,"max_hp_loss":4,"event_name":"Winding Halls","floor":44,"gold_loss":0}],"is_beta":false,"boss_relics":[{"not_picked":["Pandora\u0027s Box","Ectoplasm"],"picked":"Astrolabe"},{"not_picked":["Empty Cage","FrozenCore"],"picked":"SlaversCollar"}],"items_purged_floors":[4,22,38],"is_endless":false,"potions_floor_spawned":[2,5,16,18,19,29,30,31,35,39,48],"killed_by":"Awakened One","ascension_level":20}