{"gold_per_floor":[112,112,127,52,127,127,127,127,127,137,137,154,180,202,202,279,279,295,313,16,33,33,61,61,75,75,275,294,308,321,321,321,321],"floor_reached":33,"playtime":3321,"items_purged":["Defend_B","Blizzard"],"score":534,"play_id":"fe080e88-f0ca-472e-a338-43251a2d2cb0","local_time":"20230909172116","is_ascension_mode":true,"campfire_choices":[{"data":"Rip and Tear","floor":6.0,"key":"SMITH"},{"data":"Zap","floor":8.0,"key":"SMITH"},{"data":"Doom and Gloom","floor":11.0,"key":"SMITH"},{"data":"Conserve Battery","floor":15,"key":"SMITH"},{"floor":24,"key":"REST"},{"floor":32,"key":"REST"}],"neow_cost":"NONE","seed_source_timestamp":466701709073666,"circlet_count":0,"master_deck":["AscendersBane","Zap+1","Dualcast","Rip and Tear+1","Lockon","Doom and Gloom+1","Compile Driver","Turbo","Conserve Battery+1","Fusion","Recycle","Hello World","Skim","Electrodynamics","Undo+1","Ball Lightning","Conserve Battery","Leap","Coolheaded","Loop","Hologram","Hologram"],"special_seed":0,"relics":["Cracked Core","Whetstone","Orichalcum","DataDisk","Bag of Preparation","Odd Mushroom","Pandora\u0027s Box","Runic Capacitor","CaptainsWheel"],"potions_floor_usage":[19,23,29,33],"damage_taken":[{"damage":0.0,"enemies":"Small Slimes","floor":1.0,"turns":2.0},{"damage":2.0,"enemies":"Jaw Worm","floor":3.0,"turns":2.0},{"damage":0.0,"enemies":"Cultist","floor":10.0,"turns":2.0},{"damage":3.0,"enemies":"Blue Slaver","floor":12.0,"turns":2.0},{"damage":12.0,"enemies":"3 Sentries","floor":13.0,"turns":4.0},{"damage":3,"enemies":"The Mushroom Lair","floor":14,"turns":2},{"damage":8,"enemies":"Slime Boss","floor":16,"turns":7},{"damage":0,"enemies":"3 Byrds","floor":18,"turns":1},{"damage":10,"enemies":"2 Thieves","floor":19,"turns":3},{"damage":19,"enemies":"Snake Plant","floor":21,"turns":4},{"damage":22,"enemies":"Gremlin Leader","floor":23,"turns":6},{"damage":3,"enemies":"Cultist and Chosen","floor":25,"turns":5},{"damage":0,"enemies":"3 Cultists","floor":28,"turns":3},{"damage":5,"enemies":"Centurion and Healer","floor":29,"turns":5},{"damage":4,"enemies":"Shelled Parasite and Fungi","floor":30,"turns":6},{"damage":59,"enemies":"Collector","floor":33,"turns":7}],"seed_played":"-9207865267119200618","potions_obtained":[{"floor":3.0,"key":"Dexterity Potion"},{"floor":10.0,"key":"Energy Potion"},{"floor":14,"key":"Strength Potion"},{"floor":23,"key":"SkillPotion"},{"floor":25,"key":"Energy Potion"}],"is_trial":false,"path_per_floor":["M","?","M","$","?","R","?","R","T","M","R","M","E","?","R","B",null,"M","M","$","M","?","E","R","M","T","?","M","M","M","?","R","B"],"character_chosen":"DEFECT","basemod:card_modifiers":[null,null,null,null,null,null,null,null,null,null,null,null,null,null,null,null,null,null,null,null,null,null],"items_purchased":["Runic Capacitor","Conserve Battery"],"campfire_rested":2,"item_purchase_floors":[20,20],"current_hp_per_floor":[64,46,44,44,33,33,56,56,56,56,56,53,41,38,38,30,61,61,51,51,32,32,10,31,28,28,28,28,23,19,19,40,0],"gold":321,"neow_bonus":"RANDOM_COMMON_RELIC","is_prod":false,"is_daily":false,"chose_seed":false,"campfire_upgraded":4,"win_rate":0,"timestamp":1694294476,"path_taken":["M","?","M","$","?","R","?","R","T","M","R","M","E","?","R","BOSS","M","M","$","M","?","E","R","M","T","?","M","?","M","?","R","BOSS"],"build_version":"2022-12-01","purchased_purges":2,"victory":false,"max_hp_per_floor":[71,71,71,71,71,71,71,71,71,71,71,71,71,71,71,71,71,71,71,71,71,71,71,71,71,71,71,71,71,71,71,71,71],"card_choices":[{"not_picked":["Compile Driver","Static Discharge"],"picked":"Rip and Tear","floor":1.0},{"not_picked":["Beam Cell","Barrage"],"picked":"Lockon","floor":3.0},{"not_picked":["Hello World","Glacier"],"picked":"Doom and Gloom","floor":10.0},{"not_picked":["Redo","Barrage"],"picked":"Compile Driver","floor":12.0},{"not_picked":["Steam","Scrape"],"picked":"Turbo","floor":13},{"not_picked":["Steam","Turbo"],"picked":"Conserve Battery","floor":14},{"not_picked":["Tempest","Doom and Gloom"],"picked":"Undo+1","floor":18},{"not_picked":["Sweeping Beam","Force Field"],"picked":"Ball Lightning","floor":19},{"not_picked":["Fusion","Ball Lightning"],"picked":"Leap","floor":21},{"not_picked":["Rebound","Reinforced Body"],"picked":"Coolheaded","floor":23},{"not_picked":["Rebound","Beam Cell"],"picked":"Loop","floor":25},{"not_picked":["Steam","Gash","Conserve Battery"],"picked":"SKIP","floor":28},{"not_picked":["Beam Cell","Go for the Eyes+1"],"picked":"Hologram","floor":29},{"not_picked":["Chaos","Gash+1"],"picked":"Hologram","floor":30}],"player_experience":78402,"relics_obtained":[{"floor":9.0,"key":"DataDisk"},{"floor":13,"key":"Bag of Preparation"},{"floor":14,"key":"Odd Mushroom"},{"floor":23,"key":"CaptainsWheel"}],"event_choices":[{"damage_healed":0.0,"max_hp_gain":0.0,"max_hp_loss":0.0,"gold_gain":0.0,"event_name":"Scrap Ooze","player_choice":"Success","floor":2.0,"gold_loss":0.0,"damage_taken":18.0,"relics_obtained":["Orichalcum"]},{"damage_healed":0.0,"max_hp_gain":0.0,"max_hp_loss":0.0,"gold_gain":75.0,"event_name":"World of Goop","player_choice":"Gather Gold","floor":5.0,"gold_loss":0.0,"damage_taken":11.0},{"damage_healed":23.0,"max_hp_gain":0.0,"max_hp_loss":0.0,"gold_gain":0.0,"event_name":"Big Fish","player_choice":"Banana","floor":7.0,"gold_loss":0.0,"damage_taken":0.0},{"damage_healed":0,"gold_gain":0,"player_choice":"Fought Mushrooms","damage_taken":0,"max_hp_gain":0,"max_hp_loss":0,"event_name":"Mushrooms","floor":14,"gold_loss":0},{"cards_removed":["Recycle"],"damage_healed":0,"gold_gain":0,"player_choice":"Elegance","damage_taken":0,"max_hp_gain":0,"max_hp_loss":0,"event_name":"Back to Basics","floor":22,"gold_loss":0},{"damage_healed":0,"gold_gain":250,"player_choice":"Bet on Owner","damage_taken":0,"max_hp_gain":0,"max_hp_loss":0,"event_name":"The Joust","floor":27,"gold_loss":50},{"damage_healed":0,"gold_gain":0,"player_choice":"Ignored","damage_taken":0,"max_hp_gain":0,"max_hp_loss":0,"event_name":"Vampires","floor":31,"gold_loss":0}],"is_beta":false,"boss_relics":[{"not_picked":["FrozenCore","Snecko Eye"],"picked":"Pandora\u0027s Box"}],"items_purged_floors":[4,20],"is_endless":false,"potions_floor_spawned":[3,10,14,23,25,28],"killed_by":"Collector","ascension_level":20}