{"gold_per_floor":[114,124,135,155,169,169,198,198,221,221,221,221,256,256,256,333,333,351,276,276,288,58,58,69,69,69,96,96,96,109,135,135,207,207,227,117,131,148,164,191,191,210,210,224,241,267,278,149,149,149],"floor_reached":50,"playtime":4934,"items_purged":["Strike_B"],"score":1208,"play_id":"210c9d7e-219b-4a52-b92a-55d73a1c7524","local_time":"20230912101733","is_ascension_mode":true,"campfire_choices":[{"floor":6.0,"key":"REST"},{"floor":8.0,"key":"REST"},{"data":"Sunder","floor":10.0,"key":"SMITH"},{"floor":12.0,"key":"REST"},{"data":"Defragment","floor":15.0,"key":"SMITH"},{"data":"Zap","floor":23.0,"key":"SMITH"},{"data":"Conserve Battery","floor":25.0,"key":"SMITH"},{"data":"Reprogram","floor":28.0,"key":"SMITH"},{"floor":32.0,"key":"REST"},{"floor":41,"key":"REST"},{"floor":49,"key":"RECALL"}],"neow_cost":"NONE","seed_source_timestamp":0,"circlet_count":0,"master_deck":["AscendersBane","Strike_B+1","Defend_B","Defend_B","Defend_B","Zap+1","Dualcast","Sunder+1","Turbo","Genetic Algorithm","Lockon","Buffer","Ball Lightning+1","Defragment+1","Core Surge","Beam Cell","Gash","Conserve Battery+1","Reprogram+1","Machine Learning+1","Meteor Strike","Echo Form","Force Field+1","Coolheaded","Steam","Static Discharge+1","Double Energy+1","BootSequence","Skim","Hologram"],"special_seed":0,"relics":["Cracked Core","Vajra","Bag of Preparation","Centennial Puzzle","Runic Pyramid","Lee\u0027s Waffle","Symbiotic Virus","Anchor","Sundial","Sozu","Orichalcum","Lantern"],"potions_floor_usage":[33,40,46],"damage_taken":[{"damage":0.0,"enemies":"Cultist","floor":1.0,"turns":4.0},{"damage":6.0,"enemies":"Small Slimes","floor":2.0,"turns":3.0},{"damage":0.0,"enemies":"2 Louse","floor":3.0,"turns":1.0},{"damage":57.0,"enemies":"Exordium Wildlife","floor":4.0,"turns":8.0},{"damage":0.0,"enemies":"3 Louse","floor":5.0,"turns":1.0},{"damage":8.0,"enemies":"Gremlin Nob","floor":7.0,"turns":4.0},{"damage":15.0,"enemies":"3 Sentries","floor":13.0,"turns":5.0},{"damage":41.0,"enemies":"The Guardian","floor":16.0,"turns":10.0},{"damage":16.0,"enemies":"Shell Parasite","floor":18.0,"turns":4.0},{"damage":11.0,"enemies":"Spheric Guardian","floor":21.0,"turns":4.0},{"damage":9.0,"enemies":"Centurion and Healer","floor":24.0,"turns":5.0},{"damage":0.0,"enemies":"Gremlin Leader","floor":27.0,"turns":5.0},{"damage":6.0,"enemies":"Shelled Parasite and Fungi","floor":30.0,"turns":4.0},{"damage":7.0,"enemies":"Slavers","floor":31.0,"turns":4.0},{"damage":34,"enemies":"Champ","floor":33,"turns":8},{"damage":26,"enemies":"3 Darklings","floor":35,"turns":5},{"damage":0,"enemies":"3 Shapes","floor":37,"turns":5},{"damage":19,"enemies":"Spire Growth","floor":38,"turns":6},{"damage":3,"enemies":"Transient","floor":39,"turns":6},{"damage":20,"enemies":"Reptomancer","floor":40,"turns":8},{"damage":0,"enemies":"4 Shapes","floor":42,"turns":4},{"damage":12,"enemies":"Writhing Mass","floor":44,"turns":6},{"damage":1,"enemies":"Spire Growth","floor":45,"turns":4},{"damage":8,"enemies":"Giant Head","floor":46,"turns":8},{"damage":0,"enemies":"Jaw Worm Horde","floor":47,"turns":5},{"damage":13,"enemies":"Time Eater","floor":50,"turns":9}],"seed_played":"8240239326472297914","potions_obtained":[{"floor":1.0,"key":"AttackPotion"},{"floor":3.0,"key":"Swift Potion"},{"floor":4.0,"key":"LiquidBronze"},{"floor":13.0,"key":"FearPotion"},{"floor":16.0,"key":"Fruit Juice"},{"floor":21.0,"key":"Dexterity Potion"},{"floor":24.0,"key":"SteroidPotion"},{"floor":30.0,"key":"Swift Potion"},{"floor":33,"key":"Swift Potion"}],"is_trial":false,"path_per_floor":["M","M","M","M","M","R","E","R","T","R","?","R","E","?","R","B",null,"M","?","?","M","$","R","M","R","T","E","R","?","M","E","R","B",null,"M","?","M","M","M","E","R","M","T","M","M","E","M","$","R","B"],"character_chosen":"DEFECT","basemod:card_modifiers":[null,null,null,null,null,null,null,null,null,null,null,null,null,null,null,null,null,null,null,null,null,null,null,null,null,null,null,null,null,null],"items_purchased":["Conserve Battery","Lee\u0027s Waffle","Hologram"],"campfire_rested":5,"item_purchase_floors":[22,22,48],"current_hp_per_floor":[64,58,58,1,1,22,14,35,35,35,14,35,20,43,43,2,54,38,38,38,32,83,83,74,74,74,74,74,50,44,37,63,29,73,47,47,47,28,25,5,31,31,31,19,18,10,10,10,10,0],"gold":149,"neow_bonus":"REMOVE_CARD","is_prod":false,"is_daily":false,"chose_seed":false,"campfire_upgraded":5,"win_rate":0,"timestamp":1694528253,"path_taken":["M","M","M","M","?","R","E","R","T","R","?","R","E","?","R","BOSS","M","?","?","M","?","R","M","R","T","E","R","?","M","E","R","BOSS","M","?","M","M","M","E","R","M","T","?","M","E","M","$","R","BOSS"],"build_version":"2022-12-01","purchased_purges":1,"victory":false,"max_hp_per_floor":[71,71,71,71,71,71,71,71,71,71,71,71,71,71,71,71,71,71,71,71,76,83,83,83,83,83,83,83,88,88,88,88,88,88,88,88,88,88,88,88,88,88,88,88,88,88,88,88,88,88],"card_choices":[{"not_picked":["Sweeping Beam","Steam Power"],"picked":"Sunder","floor":1.0},{"not_picked":["Streamline","Aggregate"],"picked":"Turbo","floor":2.0},{"not_picked":["Conserve Battery","Turbo"],"picked":"Genetic Algorithm","floor":3.0},{"not_picked":["Streamline","Steam"],"picked":"Lockon","floor":4.0},{"not_picked":["Turbo","Barrage"],"picked":"Buffer","floor":5.0},{"not_picked":["Turbo","Cold Snap"],"picked":"Ball Lightning","floor":7.0},{"not_picked":["Creative AI","Compile Driver"],"picked":"Defragment","floor":13.0},{"not_picked":["Amplify","Reboot"],"picked":"Core Surge","floor":16.0},{"not_picked":["Go for the Eyes","Barrage"],"picked":"Beam Cell","floor":18.0},{"not_picked":["Chaos","Tempest"],"picked":"Gash","floor":21.0},{"not_picked":["Hologram","Rebound"],"picked":"Reprogram","floor":24.0},{"not_picked":["Storm","Sweeping Beam"],"picked":"Machine Learning","floor":27.0},{"not_picked":["Ball Lightning","Blizzard+1","Gash"],"picked":"SKIP","floor":30.0},{"not_picked":["Static Discharge","Sweeping Beam"],"picked":"Meteor Strike","floor":31.0},{"not_picked":["Hyperbeam","Machine Learning"],"picked":"Echo Form","floor":33},{"not_picked":["Auto Shields","BootSequence"],"picked":"Force Field+1","floor":35},{"not_picked":["Go for the Eyes","Melter"],"picked":"Coolheaded","floor":37},{"not_picked":["Barrage+1","Cold Snap"],"picked":"Steam","floor":38},{"not_picked":["Undo","FTL"],"picked":"Static Discharge+1","floor":39},{"not_picked":["Sweeping Beam+1","Genetic Algorithm+1"],"picked":"Double Energy+1","floor":40},{"not_picked":["Turbo","Coolheaded","Aggregate"],"picked":"SKIP","floor":42},{"not_picked":["Sweeping Beam+1","Static Discharge"],"picked":"BootSequence","floor":44},{"not_picked":["Beam Cell","Cold Snap","Stack"],"picked":"SKIP","floor":45},{"not_picked":["Machine Learning","Aggregate","Capacitor"],"picked":"SKIP","floor":46},{"not_picked":["Steam+1","Gash"],"picked":"Skim","floor":47}],"player_experience":97402,"relics_obtained":[{"floor":7.0,"key":"Vajra"},{"floor":9.0,"key":"Bag of Preparation"},{"floor":13.0,"key":"Centennial Puzzle"},{"floor":26.0,"key":"Symbiotic Virus"},{"floor":27.0,"key":"Anchor"},{"floor":31.0,"key":"Sundial"},{"floor":40,"key":"Orichalcum"},{"floor":46,"key":"Lantern"}],"event_choices":[{"damage_healed":0.0,"max_hp_gain":0.0,"max_hp_loss":0.0,"gold_gain":0.0,"event_name":"Shining Light","player_choice":"Entered Light","floor":11.0,"gold_loss":0.0,"damage_taken":21.0,"cards_upgraded":["Ball Lightning","Strike_B"]},{"damage_healed":23.0,"max_hp_gain":0.0,"max_hp_loss":0.0,"gold_gain":0.0,"event_name":"Big Fish","player_choice":"Banana","floor":14.0,"gold_loss":0.0,"damage_taken":0.0},{"cards_removed":["Defend_B"],"damage_healed":0.0,"max_hp_gain":0.0,"max_hp_loss":0.0,"gold_gain":0.0,"event_name":"Beggar","player_choice":"Gave Gold","floor":19.0,"gold_loss":75.0,"damage_taken":0.0},{"damage_healed":0.0,"max_hp_gain":0.0,"max_hp_loss":0.0,"gold_gain":0.0,"event_name":"The Mausoleum","player_choice":"Ignored","floor":20.0,"gold_loss":0.0,"damage_taken":0.0},{"damage_healed":0.0,"max_hp_gain":5.0,"max_hp_loss":0.0,"gold_gain":0.0,"event_name":"Forgotten Altar","player_choice":"Shed Blood","floor":29.0,"gold_loss":0.0,"damage_taken":29.0},{"cards_removed":["Strike_B"],"damage_healed":0,"gold_gain":0,"player_choice":"Upgrade and Remove","damage_taken":0,"max_hp_gain":0,"max_hp_loss":0,"event_name":"Designer","floor":36,"gold_loss":110,"cards_upgraded":["Machine Learning"]}],"is_beta":false,"boss_relics":[{"not_picked":["Empty Cage","FrozenCore"],"picked":"Runic Pyramid"},{"not_picked":["Astrolabe","SlaversCollar"],"picked":"Sozu"}],"items_purged_floors":[48],"is_endless":false,"potions_floor_spawned":[1,3,4,13,16,21,24,30,33,39,40,42,44,46],"killed_by":"Time Eater","ascension_level":20}