{"gold_per_floor":[123,154,183,207,219,231,261,288,369,393,66,111,111,139,139,234,234,265,283,283,283,320,320],"floor_reached":23,"playtime":1539,"items_purged":["Defend_B"],"score":510,"play_id":"19b1313a-5844-4540-8858-6c7bc5289932","local_time":"20230913105803","is_ascension_mode":true,"campfire_choices":[{"data":"Zap","floor":6.0,"key":"SMITH"},{"floor":13.0,"key":"REST"},{"data":"Defragment","floor":15.0,"key":"SMITH"}],"neow_cost":"NONE","seed_source_timestamp":98925079564875,"circlet_count":0,"master_deck":["AscendersBane","Strike_B+1","Defend_B","Defend_B","Defend_B","Zap+1","Dualcast","Lockon","Compile Driver","Compile Driver","Darkness","Ball Lightning","HandOfGreed","Defragment+1","Electrodynamics","Coolheaded","Seek","Cold Snap","Reinforced Body","White Noise","Stack","Genetic Algorithm"],"special_seed":0,"relics":["Cracked Core","MawBank","Gremlin Horn","Whetstone","FossilizedHelix","Inserter"],"potions_floor_usage":[23],"damage_taken":[{"damage":5.0,"enemies":"Small Slimes","floor":1.0,"turns":3.0},{"damage":1.0,"enemies":"Cultist","floor":2.0,"turns":3.0},{"damage":4.0,"enemies":"2 Louse","floor":3.0,"turns":3.0},{"damage":9.0,"enemies":"Red Slaver","floor":4.0,"turns":3.0},{"damage":5.0,"enemies":"2 Fungi Beasts","floor":7.0,"turns":3.0},{"damage":23.0,"enemies":"Exordium Thugs","floor":8.0,"turns":4.0},{"damage":0.0,"enemies":"Large Slime","floor":10.0,"turns":3.0},{"damage":11.0,"enemies":"Gremlin Nob","floor":12.0,"turns":3.0},{"damage":10.0,"enemies":"3 Sentries","floor":14.0,"turns":2.0},{"damage":0.0,"enemies":"Slime Boss","floor":16.0,"turns":7.0},{"damage":15.0,"enemies":"Shell Parasite","floor":18.0,"turns":6.0},{"damage":5,"enemies":"3 Byrds","floor":19,"turns":2},{"damage":22,"enemies":"Centurion and Healer","floor":22,"turns":7},{"damage":24,"enemies":"Gremlin Leader","floor":23,"turns":2}],"seed_played":"-456802683319055889","potions_obtained":[{"floor":4.0,"key":"SteroidPotion"},{"floor":5.0,"key":"Fruit Juice"},{"floor":5.0,"key":"FearPotion"},{"floor":8.0,"key":"FearPotion"},{"floor":10.0,"key":"GamblersBrew"},{"floor":16.0,"key":"PotionOfCapacity"}],"is_trial":false,"path_per_floor":["M","M","M","M","?","R","M","M","T","M","$","E","R","E","R","B",null,"M","M","?","?","M","E"],"character_chosen":"DEFECT","basemod:card_modifiers":[null,null,null,null,null,null,null,null,null,null,null,null,null,null,null,null,null,null,null,null,null,null],"items_purchased":["HandOfGreed","Defragment"],"campfire_rested":1,"item_purchase_floors":[11,11],"current_hp_per_floor":[59,58,54,45,50,50,45,22,22,22,22,11,33,23,23,23,63,48,43,43,43,21,0],"gold":320,"neow_bonus":"RANDOM_COMMON_RELIC","is_prod":false,"is_daily":false,"chose_seed":false,"campfire_upgraded":2,"win_rate":0,"timestamp":1694617083,"path_taken":["M","M","M","M","?","R","M","?","T","M","$","E","R","E","R","BOSS","M","M","?","?","?","E"],"build_version":"2022-12-01","purchased_purges":1,"victory":false,"max_hp_per_floor":[71,71,71,71,76,76,76,76,76,76,76,76,76,76,76,76,76,76,76,76,76,76,76],"card_choices":[{"not_picked":["Gash","Streamline"],"picked":"Lockon","floor":1.0},{"not_picked":["Chill","Steam"],"picked":"Compile Driver","floor":2.0},{"not_picked":["Gash","Rebound","Streamline"],"picked":"SKIP","floor":3.0},{"not_picked":["Gash","Stack","Multi-Cast"],"picked":"SKIP","floor":4.0},{"not_picked":["Gash","Go for the Eyes"],"picked":"Compile Driver","floor":7.0},{"not_picked":["Gash","Recycle"],"picked":"Darkness","floor":8.0},{"not_picked":["Turbo","Storm"],"picked":"Ball Lightning","floor":10.0},{"not_picked":["Coolheaded","Lockon"],"picked":"Electrodynamics","floor":12.0},{"not_picked":["Steam","Steam Power"],"picked":"Coolheaded","floor":14.0},{"not_picked":["Reboot","Creative AI"],"picked":"Seek","floor":16.0},{"not_picked":["Gash","Conserve Battery"],"picked":"Cold Snap","floor":18.0},{"not_picked":["Compile Driver","Buffer"],"picked":"Reinforced Body","floor":19},{"not_picked":["Streamline","Coolheaded"],"picked":"Genetic Algorithm","floor":22}],"player_experience":109022,"relics_obtained":[{"floor":9.0,"key":"Gremlin Horn"},{"floor":12.0,"key":"Whetstone"},{"floor":14.0,"key":"FossilizedHelix"}],"event_choices":[{"damage_healed":0.0,"max_hp_gain":0.0,"max_hp_loss":0.0,"gold_gain":0.0,"event_name":"Lab","player_choice":"Got Potions","floor":5.0,"gold_loss":0.0,"damage_taken":0.0},{"damage_healed":0,"gold_gain":0,"cards_transformed":["Strike_B","Strike_B"],"player_choice":"Became Test Subject","damage_taken":0,"max_hp_gain":0,"max_hp_loss":0,"event_name":"Drug Dealer","floor":20,"gold_loss":0,"cards_obtained":["White Noise","Stack"]},{"cards_removed":["Strike_B"],"damage_healed":0,"gold_gain":0,"player_choice":"Purged","damage_taken":0,"max_hp_gain":0,"max_hp_loss":0,"event_name":"Purifier","floor":21,"gold_loss":0}],"is_beta":false,"boss_relics":[{"not_picked":["Philosopher\u0027s Stone","Snecko Eye"],"picked":"Inserter"}],"items_purged_floors":[11],"is_endless":false,"potions_floor_spawned":[4,8,10,16,18,19],"killed_by":"Gremlin Leader","ascension_level":20}