{"gold_per_floor":[119,131,206,223,104,104,138,157,157,157,157,193,193,212,212,303,303,328,301,301,226,242,242,26,26,51,95,118,118],"floor_reached":29,"playtime":2736,"items_purged":["Defend_B","Strike_B"],"score":556,"play_id":"e75d6d85-ce57-43d6-a105-7a53983a8ae3","local_time":"20230909231828","is_ascension_mode":true,"campfire_choices":[{"data":"Consume","floor":6,"key":"SMITH"},{"floor":11,"key":"REST"},{"data":"Zap","floor":13,"key":"SMITH"},{"data":"Sweeping Beam","floor":15,"key":"SMITH"},{"floor":23,"key":"REST"},{"data":"Seek","floor":25,"key":"SMITH"}],"neow_cost":"NONE","seed_source_timestamp":474378899335000,"circlet_count":0,"master_deck":["AscendersBane","Strike_B","Strike_B","Defend_B","Defend_B","Defend_B","Zap+1","Dualcast+1","Cold Snap","Coolheaded","Conserve Battery+1","Consume+1","Sweeping Beam+1","Seek+1","Compile Driver+1","Defragment","Turbo+1","Hologram+1","Conserve Battery"],"relics":["Cracked Core","Omamori","War Paint","Golden Idol","Ornamental Fan","Inserter","Membership Card","Dream Catcher","Turnip"],"potions_floor_usage":[7,12,16,22,27,29,29],"damage_taken":[{"damage":6,"enemies":"Small Slimes","floor":1,"turns":4},{"damage":5,"enemies":"Jaw Worm","floor":2,"turns":3},{"damage":2,"enemies":"2 Louse","floor":4,"turns":2},{"damage":14,"enemies":"Lagavulin","floor":7,"turns":10},{"damage":4,"enemies":"Lots of Slimes","floor":8,"turns":4},{"damage":0,"enemies":"Gremlin Nob","floor":12,"turns":3},{"damage":2,"enemies":"Large Slime","floor":14,"turns":6},{"damage":28,"enemies":"Slime Boss","floor":16,"turns":12},{"damage":17,"enemies":"Shell Parasite","floor":18,"turns":7},{"damage":18,"enemies":"2 Thieves","floor":19,"turns":4},{"damage":6,"enemies":"Sentry and Sphere","floor":22,"turns":6},{"damage":19,"enemies":"Gremlin Leader","floor":27,"turns":7},{"damage":16,"enemies":"3 Cultists","floor":28,"turns":5},{"damage":12,"enemies":"Shelled Parasite and Fungi","floor":29,"turns":1}],"seed_played":"-513915215375857508","potions_obtained":[{"floor":1,"key":"Fire Potion"},{"floor":2,"key":"DistilledChaos"},{"floor":7,"key":"Block Potion"},{"floor":14,"key":"FocusPotion"},{"floor":19,"key":"GamblersBrew"},{"floor":22,"key":"DistilledChaos"},{"floor":27,"key":"LiquidBronze"}],"is_trial":false,"path_per_floor":["M","M","?","M","$","R","E","M","T","?","R","E","R","M","R","B",null,"M","M","?","?","M","R","$","R","T","E","M","M"],"character_chosen":"DEFECT","basemod:card_modifiers":[null,null,null,null,null,null,null,null,null,null,null,null,null,null,null,null,null,null,null],"items_purchased":["Consume","Membership Card"],"campfire_rested":2,"item_purchase_floors":[5,24],"current_hp_per_floor":[58,53,42,40,40,40,26,22,22,22,43,43,43,41,41,13,57,40,22,22,22,16,37,37,37,37,18,2,0],"gold":118,"neow_bonus":"RANDOM_COMMON_RELIC","is_prod":false,"is_daily":false,"chose_seed":false,"campfire_upgraded":4,"win_rate":0,"timestamp":1694315908,"path_taken":["M","M","?","M","$","R","E","M","T","?","R","E","R","M","R","BOSS","M","M","?","?","M","R","$","R","T","E","M","M"],"build_version":"2022-12-01","purchased_purges":2,"victory":false,"max_hp_per_floor":[71,71,71,71,71,71,71,71,71,71,71,71,71,71,71,71,71,71,71,71,71,71,71,71,71,71,71,71,71],"card_choices":[{"not_picked":["Melter","Barrage"],"picked":"Cold Snap","floor":1},{"not_picked":["Blizzard","Melter"],"picked":"Coolheaded","floor":2},{"not_picked":["Steam","Aggregate"],"picked":"Conserve Battery","floor":4},{"not_picked":["Heatsinks","Thunder Strike"],"picked":"Sweeping Beam","floor":7},{"not_picked":["Heatsinks","Scrape","Steam"],"picked":"SKIP","floor":8},{"not_picked":["FTL","Scrape","White Noise"],"picked":"SKIP","floor":12},{"not_picked":["Go for the Eyes","Redo","Barrage"],"picked":"SKIP","floor":14},{"not_picked":["Meteor Strike","Rainbow"],"picked":"Seek","floor":16},{"not_picked":["Steam Power","Gash+1"],"picked":"Compile Driver+1","floor":18},{"not_picked":["Sweeping Beam","FTL"],"picked":"Defragment","floor":19},{"not_picked":["Coolheaded","Aggregate+1"],"picked":"Turbo+1","floor":22},{"not_picked":["Streamline","Conserve Battery"],"picked":"Hologram+1","floor":27},{"not_picked":["Gash","Redo"],"picked":"Conserve Battery","floor":28}],"player_experience":81723,"relics_obtained":[{"floor":7,"key":"War Paint"},{"floor":12,"key":"Ornamental Fan"},{"floor":26,"key":"Dream Catcher"},{"floor":27,"key":"Turnip"}],"event_choices":[{"damage_healed":0,"gold_gain":75,"player_choice":"Gather Gold","damage_taken":11,"max_hp_gain":0,"max_hp_loss":0,"event_name":"World of Goop","floor":3,"gold_loss":0},{"damage_healed":0,"gold_gain":0,"player_choice":"Take Wound","damage_taken":0,"relics_obtained":["Golden Idol"],"max_hp_gain":0,"max_hp_loss":0,"event_name":"Golden Idol","floor":10,"gold_loss":0,"cards_obtained":["Injury"]},{"damage_healed":0,"gold_gain":0,"player_choice":"Ignored","damage_taken":0,"max_hp_gain":0,"max_hp_loss":0,"event_name":"Cursed Tome","floor":20,"gold_loss":0},{"cards_removed":["Strike_B"],"damage_healed":0,"gold_gain":0,"player_choice":"Gave Gold","damage_taken":0,"max_hp_gain":0,"max_hp_loss":0,"event_name":"Beggar","floor":21,"gold_loss":75}],"is_beta":false,"boss_relics":[{"not_picked":["Empty Cage","Philosopher\u0027s Stone"],"picked":"Inserter"}],"items_purged_floors":[5,24],"is_endless":false,"potions_floor_spawned":[1,2,7,14,19,22,27],"killed_by":"Shelled Parasite and Fungi","ascension_level":20}