{"gold_per_floor":[119,134,146,146,160,160,200,220,292,292,292,262,297,321,321,420,420,440,455,243,243,262,301,301,301,301,301],"floor_reached":27,"playtime":16138,"items_purged":["Strike_B"],"score":636,"play_id":"7df5311e-ebc0-4a69-8e70-86b8d6656351","local_time":"20230906145948","is_ascension_mode":true,"campfire_choices":[{"data":"Streamline","floor":6,"key":"SMITH"},{"data":"Doom and Gloom","floor":11,"key":"SMITH"},{"floor":15,"key":"REST"},{"floor":25,"key":"REST"}],"neow_cost":"NONE","seed_source_timestamp":214217510605125,"circlet_count":0,"master_deck":["AscendersBane","Strike_B+1","Strike_B+1","Strike_B","Defend_B","Defend_B","Defend_B","Defend_B","Zap","Dualcast","Sweeping Beam","FTL","Cold Snap","Streamline+1","Doom and Gloom+1","Electrodynamics","BootSequence","Turbo","Leap","Decay","Coolheaded","Compile Driver"],"special_seed":0,"relics":["Cracked Core","Whetstone","Bloody Idol","Eternal Feather","Toy Ornithopter","Runic Pyramid","CaptainsWheel","Meat on the Bone"],"potions_floor_usage":[10,12,13,16,18,23,27],"damage_taken":[{"damage":2.0,"enemies":"Jaw Worm","floor":1.0,"turns":3.0},{"damage":1.0,"enemies":"2 Louse","floor":2.0,"turns":2.0},{"damage":7,"enemies":"Small Slimes","floor":3,"turns":2},{"damage":7,"enemies":"Exordium Thugs","floor":5,"turns":4},{"damage":21,"enemies":"Lagavulin","floor":7,"turns":6},{"damage":14,"enemies":"Red Slaver","floor":8,"turns":3},{"damage":0,"enemies":"Lagavulin Event","floor":10,"turns":2},{"damage":11,"enemies":"Gremlin Nob","floor":13,"turns":3},{"damage":6,"enemies":"Looter","floor":14,"turns":3},{"damage":0,"enemies":"Slime Boss","floor":16,"turns":6},{"damage":23,"enemies":"Chosen","floor":18,"turns":4},{"damage":18,"enemies":"3 Byrds","floor":19,"turns":3},{"damage":20,"enemies":"Cultist and Chosen","floor":22,"turns":5},{"damage":0,"enemies":"Gremlin Leader","floor":23,"turns":6},{"damage":51,"enemies":"Slavers","floor":27,"turns":5}],"seed_played":"407828345980258297","potions_obtained":[{"floor":5,"key":"Fruit Juice"},{"floor":8,"key":"SmokeBomb"},{"floor":12,"key":"SkillPotion"},{"floor":12,"key":"CultistPotion"},{"floor":16,"key":"Explosive Potion"},{"floor":22,"key":"BlessingOfTheForge"}],"is_trial":false,"path_per_floor":["M","M","M","?","M","R","E","M","T","?","R","?","E","M","R","B",null,"M","M","$","?","M","E","?","R","T","E"],"character_chosen":"DEFECT","basemod:card_modifiers":[null,null,null,null,null,null,null,null,null,null,null,null,null,null,null,null,null,null,null,null,null,null],"items_purchased":["DuplicationPotion","Leap"],"campfire_rested":2,"item_purchase_floors":[20,20],"current_hp_per_floor":[62,61,54,54,47,47,26,12,12,12,21,26,15,9,38,43,63,45,27,27,27,7,12,12,44,44,0],"gold":301,"neow_bonus":"RANDOM_COMMON_RELIC","is_prod":false,"is_daily":false,"chose_seed":false,"campfire_upgraded":2,"win_rate":0,"timestamp":1694026788,"path_taken":["M","M","M","?","M","R","E","M","T","?","R","?","E","M","R","BOSS","M","M","$","?","?","E","?","R","T","E"],"build_version":"2022-12-01","purchased_purges":1,"victory":false,"max_hp_per_floor":[71,71,71,64,64,64,64,64,64,64,64,69,69,69,69,69,69,69,69,69,69,69,69,69,69,69,69],"card_choices":[{"not_picked":["Go for the Eyes","Barrage"],"picked":"Sweeping Beam","floor":1.0},{"not_picked":["Sweeping Beam","Leap"],"picked":"FTL","floor":2.0},{"not_picked":["Echo Form","Rebound"],"picked":"Cold Snap","floor":3},{"not_picked":["Go for the Eyes","BootSequence"],"picked":"Streamline","floor":5},{"not_picked":["BootSequence","Streamline"],"picked":"Doom and Gloom","floor":7},{"not_picked":["Leap","Steam","Consume"],"picked":"SKIP","floor":8},{"not_picked":["Beam Cell","Sweeping Beam","Go for the Eyes"],"picked":"SKIP","floor":13},{"not_picked":["Force Field","Cold Snap","Chaos"],"picked":"SKIP","floor":14},{"not_picked":["Core Surge","Seek"],"picked":"Electrodynamics","floor":16},{"not_picked":["Go for the Eyes","Static Discharge"],"picked":"BootSequence","floor":18},{"not_picked":["Ball Lightning+1","Heatsinks+1"],"picked":"Turbo","floor":19},{"not_picked":["Leap","Compile Driver"],"picked":"Coolheaded","floor":22},{"not_picked":["Go for the Eyes","Cold Snap"],"picked":"Compile Driver","floor":23}],"player_experience":125940,"relics_obtained":[{"floor":7,"key":"Eternal Feather"},{"floor":13,"key":"Toy Ornithopter"},{"floor":23,"key":"CaptainsWheel"},{"floor":26,"key":"Meat on the Bone"}],"event_choices":[{"damage_healed":0,"gold_gain":0,"player_choice":"Lose Max HP","damage_taken":0,"relics_obtained":["Golden Idol"],"max_hp_gain":0,"max_hp_loss":7,"event_name":"Golden Idol","floor":4,"gold_loss":0},{"damage_healed":0,"gold_gain":0,"player_choice":"Searched \u00271\u0027 times","damage_taken":0,"max_hp_gain":0,"max_hp_loss":0,"event_name":"Dead Adventurer","floor":10,"gold_loss":0},{"damage_healed":0,"gold_gain":0,"player_choice":"Bought 2 Potions","damage_taken":0,"max_hp_gain":0,"max_hp_loss":0,"event_name":"The Woman in Blue","floor":12,"gold_loss":0},{"damage_healed":0,"gold_gain":0,"player_choice":"Cursed","damage_taken":0,"max_hp_gain":0,"max_hp_loss":0,"event_name":"Wheel of Change","floor":21,"gold_loss":0,"cards_obtained":["Decay"]},{"damage_healed":0,"gold_gain":0,"player_choice":"Gave Idol","damage_taken":0,"relics_obtained":["Bloody Idol"],"max_hp_gain":0,"max_hp_loss":0,"event_name":"Forgotten Altar","floor":24,"relics_lost":["Golden Idol"],"gold_loss":0}],"is_beta":false,"boss_relics":[{"not_picked":["Empty Cage","Inserter"],"picked":"Runic Pyramid"}],"items_purged_floors":[20],"is_endless":false,"potions_floor_spawned":[5,8,16,22],"killed_by":"Slavers","ascension_level":20}