{"gold_per_floor":[112,112,129,145,40,70,70,70,146,15,15,45,60,72,72,146,146,162,178,178,178,178],"floor_reached":22,"playtime":2340,"items_purged":[],"score":388,"play_id":"ad0aa89e-8294-4cb6-9b57-183b71121992","local_time":"20230912203930","is_ascension_mode":true,"campfire_choices":[{"data":"Zap","floor":7,"key":"SMITH"},{"data":"Electrodynamics","floor":11,"key":"SMITH"},{"data":"Hologram","floor":15,"key":"SMITH"}],"neow_cost":"TEN_PERCENT_HP_LOSS","seed_source_timestamp":81454314016083,"circlet_count":0,"master_deck":["AscendersBane","Zap+1","Dualcast","Electrodynamics+1","Leap","Rebound","Doom and Gloom","Coolheaded","Echo Form","Self Repair","Hologram+1","Genetic Algorithm","Seek","Steam Power","Reboot","Undo","Sweeping Beam","Stack","Heatsinks","Redo","Turbo","Skim","Double Energy"],"relics":["Shuriken","Gremlin Horn","Prayer Wheel","Pandora\u0027s Box","Nloth\u0027s Gift"],"potions_floor_usage":[6,14,16,22],"damage_taken":[{"damage":0,"enemies":"Small Slimes","floor":1,"turns":2},{"damage":2,"enemies":"Jaw Worm","floor":3,"turns":5},{"damage":0,"enemies":"Cultist","floor":4,"turns":3},{"damage":14,"enemies":"Gremlin Nob","floor":6,"turns":3},{"damage":5,"enemies":"Lagavulin","floor":12,"turns":7},{"damage":15,"enemies":"3 Louse","floor":13,"turns":2},{"damage":16,"enemies":"Red Slaver","floor":14,"turns":5},{"damage":5,"enemies":"Hexaghost","floor":16,"turns":9},{"damage":22,"enemies":"2 Thieves","floor":18,"turns":5},{"damage":28,"enemies":"Spheric Guardian","floor":19,"turns":4},{"damage":45,"enemies":"Cultist and Chosen","floor":22,"turns":5}],"seed_played":"-5334790457768621390","potions_obtained":[{"floor":3,"key":"DuplicationPotion"},{"floor":19,"key":"BlessingOfTheForge"}],"is_trial":false,"path_per_floor":["M","?","M","M","$","E","R","T","T","$","R","E","M","M","R","B",null,"M","M","?","?","M"],"character_chosen":"DEFECT","basemod:card_modifiers":[null,null,null,null,null,null,null,null,null,null,null,null,null,null,null,null,null,null,null,null,null,null,null],"items_purchased":["Fire Potion","Coolheaded","Energy Potion","Self Repair"],"campfire_rested":0,"item_purchase_floors":[5,5,10,10],"current_hp_per_floor":[64,57,55,55,55,41,41,41,41,41,41,43,28,12,12,14,52,37,16,29,29,0],"gold":178,"neow_bonus":"THREE_RARE_CARDS","is_prod":false,"is_daily":false,"chose_seed":false,"campfire_upgraded":3,"win_rate":0,"timestamp":1694565570,"path_taken":["M","?","M","M","$","E","R","?","T","$","R","E","M","M","R","BOSS","M","M","?","?","M"],"build_version":"2022-12-01","purchased_purges":0,"victory":false,"max_hp_per_floor":[64,64,64,64,64,64,64,64,64,64,64,64,64,64,64,64,64,64,64,64,64,64],"card_choices":[{"not_picked":["Hyperbeam","Biased Cognition"],"picked":"Electrodynamics","floor":0},{"not_picked":["Turbo","Force Field"],"picked":"Leap","floor":1},{"not_picked":["Barrage","Turbo"],"picked":"Rebound","floor":3},{"not_picked":["Beam Cell","Gash"],"picked":"Doom and Gloom","floor":4},{"not_picked":["Chill","Hello World"],"picked":"Echo Form","floor":6},{"not_picked":["Ball Lightning","Steam"],"picked":"Hologram","floor":12},{"not_picked":["FTL","Stack","Melter"],"picked":"SKIP","floor":13},{"not_picked":["Ball Lightning","Consume","Barrage"],"picked":"SKIP","floor":13},{"not_picked":["Leap","Steam"],"picked":"Genetic Algorithm","floor":14},{"not_picked":["Cold Snap","Gash","Undo"],"picked":"SKIP","floor":14},{"not_picked":["Machine Learning","Fission"],"picked":"Seek","floor":16},{"not_picked":["Redo","Ball Lightning"],"picked":"Turbo","floor":18},{"not_picked":["Redo+1","Chaos"],"picked":"Skim","floor":18},{"not_picked":["Rebound+1","Reprogram"],"picked":"Double Energy","floor":19},{"not_picked":["Streamline","Heatsinks","Turbo"],"picked":"SKIP","floor":19}],"player_experience":104221,"relics_obtained":[{"floor":6,"key":"Shuriken"},{"floor":9,"key":"Gremlin Horn"},{"floor":12,"key":"Prayer Wheel"}],"event_choices":[{"cards_removed":["Strike_B"],"damage_healed":0,"gold_gain":0,"player_choice":"Card Removal","damage_taken":7,"max_hp_gain":0,"max_hp_loss":0,"event_name":"Golden Wing","floor":2,"gold_loss":0},{"damage_healed":13,"gold_gain":0,"player_choice":"Heal","damage_taken":0,"max_hp_gain":0,"max_hp_loss":0,"event_name":"The Library","floor":20,"gold_loss":0},{"damage_healed":0,"gold_gain":0,"player_choice":"Traded Relic","damage_taken":0,"relics_obtained":["Nloth\u0027s Gift"],"max_hp_gain":0,"max_hp_loss":0,"event_name":"N\u0027loth","floor":21,"relics_lost":["Cracked Core"],"gold_loss":0}],"is_beta":false,"boss_relics":[{"not_picked":["FrozenCore","Nuclear Battery"],"picked":"Pandora\u0027s Box"}],"items_purged_floors":[],"is_endless":false,"potions_floor_spawned":[3,13,19],"killed_by":"Cultist and Chosen","ascension_level":20}