{"gold_per_floor":[117,117,137,5,5,34,34,61,61,61,72,72,91,105,105,105],"floor_reached":16,"playtime":917,"items_purged":["Defend_B"],"score":220,"play_id":"eadcb1cb-90ec-4e85-a2d2-5ff9bf31cba9","local_time":"20230906215039","is_ascension_mode":true,"campfire_choices":[{"data":"Streamline","floor":7,"key":"SMITH"},{"data":"Consume","floor":10,"key":"SMITH"},{"floor":12,"key":"REST"},{"data":"Coolheaded","floor":15,"key":"SMITH"}],"neow_cost":"NONE","seed_source_timestamp":238698649848125,"circlet_count":0,"master_deck":["AscendersBane","Strike_B","Strike_B","Strike_B","Defend_B","Defend_B","Defend_B","Zap","Dualcast","Streamline+1","Ball Lightning","Chaos","Consume+1","Capacitor","Coolheaded+1"],"relics":["Cracked Core","Strawberry","Blue Candle","MealTicket","Lantern"],"potions_floor_usage":[6,8,16],"damage_taken":[{"damage":2,"enemies":"Cultist","floor":1,"turns":4},{"damage":0,"enemies":"2 Louse","floor":3,"turns":2},{"damage":35,"enemies":"3 Sentries","floor":6,"turns":6},{"damage":14,"enemies":"Gremlin Nob","floor":8,"turns":3},{"damage":4,"enemies":"Small Slimes","floor":11,"turns":3},{"damage":7,"enemies":"2 Fungi Beasts","floor":13,"turns":2},{"damage":16,"enemies":"Blue Slaver","floor":14,"turns":3},{"damage":18,"enemies":"Hexaghost","floor":16,"turns":9}],"seed_played":"-6076396377004131836","potions_obtained":[{"floor":1,"key":"Energy Potion"},{"floor":13,"key":"ColorlessPotion"}],"is_trial":false,"path_per_floor":["M","?","M","$","?","E","R","E","T","R","M","R","M","M","R","B"],"character_chosen":"DEFECT","basemod:card_modifiers":[null,null,null,null,null,null,null,null,null,null,null,null,null,null,null],"items_purchased":["FocusPotion"],"campfire_rested":1,"item_purchase_floors":[4],"current_hp_per_floor":[69,69,69,69,69,34,34,20,20,20,16,39,32,16,16,0],"gold":105,"neow_bonus":"RANDOM_COMMON_RELIC","is_prod":false,"is_daily":false,"chose_seed":false,"campfire_upgraded":3,"win_rate":0,"timestamp":1694051439,"path_taken":["M","?","M","?","?","E","R","E","T","R","M","R","M","M","R","BOSS"],"build_version":"2022-12-01","purchased_purges":1,"victory":false,"max_hp_per_floor":[78,78,78,78,78,78,78,78,78,78,78,78,78,78,78,78],"card_choices":[{"not_picked":["Darkness","Redo"],"picked":"Streamline","floor":1},{"not_picked":["Reinforced Body","Cold Snap"],"picked":"Ball Lightning","floor":3},{"not_picked":["Chill","Rip and Tear"],"picked":"Consume","floor":6},{"not_picked":["Skim","Steam"],"picked":"Capacitor","floor":8},{"not_picked":["Tempest","Force Field"],"picked":"Coolheaded","floor":11},{"not_picked":["Cold Snap","Gash","Go for the Eyes"],"picked":"SKIP","floor":13},{"not_picked":["Cold Snap","Gash","Go for the Eyes"],"picked":"SKIP","floor":13},{"not_picked":["Static Discharge","Beam Cell","Aggregate"],"picked":"SKIP","floor":14}],"player_experience":142078,"relics_obtained":[{"floor":2,"key":"Blue Candle"},{"floor":6,"key":"MealTicket"},{"floor":8,"key":"Lantern"}],"event_choices":[{"damage_healed":0,"gold_gain":0,"player_choice":"Relic","damage_taken":0,"max_hp_gain":0,"max_hp_loss":0,"event_name":"Wheel of Change","floor":2,"gold_loss":0},{"damage_healed":0,"gold_gain":0,"cards_transformed":["Strike_B"],"player_choice":"Change","damage_taken":0,"max_hp_gain":0,"max_hp_loss":0,"event_name":"Living Wall","floor":5,"gold_loss":0,"cards_obtained":["Chaos"]}],"is_beta":false,"boss_relics":[],"items_purged_floors":[4],"is_endless":false,"potions_floor_spawned":[1,13],"killed_by":"Hexaghost","ascension_level":20}