{"gold_per_floor":[116,135,5,5,5,36,36,63,141,141,158,158,173,190,190,265,265,275,286,305,325,83,83,83,83,83,111,111,145,195,211,211,284,284,295,314,326,548,548,548],"floor_reached":40,"playtime":3003,"items_purged":["Defend_B","Strike_B"],"score":882,"play_id":"5992c6cb-b299-4275-a151-f8d3a06ecf6f","local_time":"20230914150131","is_ascension_mode":true,"campfire_choices":[{"data":"Zap","floor":10.0,"key":"SMITH"},{"data":"Hologram","floor":12.0,"key":"SMITH"},{"data":"Conserve Battery","floor":15,"key":"SMITH"},{"floor":23,"key":"REST"},{"floor":25,"key":"REST"},{"data":"Coolheaded","floor":28,"key":"SMITH"},{"data":"Thunder Strike","floor":32,"key":"SMITH"}],"neow_cost":"NONE","seed_source_timestamp":13929448856833,"circlet_count":0,"master_deck":["AscendersBane","Strike_B","Defend_B","Defend_B","Defend_B","Zap+1","Dualcast","Hologram+1","Turbo","Thunder Strike+1","Rebound","Rebound","Conserve Battery+1","Tempest","Coolheaded+1","Meteor Strike","Conserve Battery","Steam","Self Repair","Recycle","Ball Lightning","All For One","Compile Driver","Defragment+1","Apotheosis"],"special_seed":0,"relics":["Cracked Core","NeowsBlessing","Blood Vial","Toy Ornithopter","Runic Dome","Membership Card","Enchiridion","Eternal Feather","Red Mask","Letter Opener","Nuclear Battery"],"potions_floor_usage":[14,16,19,27,40],"damage_taken":[{"damage":0.0,"enemies":"Cultist","floor":1.0,"turns":1.0},{"damage":0.0,"enemies":"Jaw Worm","floor":2.0,"turns":1.0},{"damage":0.0,"enemies":"Gremlin Nob","floor":6.0,"turns":1.0},{"damage":7.0,"enemies":"3 Sentries","floor":8.0,"turns":3.0},{"damage":19.0,"enemies":"Small Slimes","floor":11.0,"turns":3.0},{"damage":11,"enemies":"Blue Slaver","floor":13,"turns":3},{"damage":12,"enemies":"Lots of Slimes","floor":14,"turns":3},{"damage":7,"enemies":"Hexaghost","floor":16,"turns":9},{"damage":18,"enemies":"2 Thieves","floor":18,"turns":4},{"damage":0,"enemies":"Chosen","floor":19,"turns":3},{"damage":22,"enemies":"Snake Plant","floor":20,"turns":3},{"damage":12,"enemies":"Snecko","floor":21,"turns":4},{"damage":2,"enemies":"Masked Bandits","floor":27,"turns":3},{"damage":29,"enemies":"Slavers","floor":29,"turns":4},{"damage":26,"enemies":"Centurion and Healer","floor":31,"turns":5},{"damage":18,"enemies":"Champ","floor":33,"turns":8},{"damage":0,"enemies":"Orb Walker","floor":35,"turns":3},{"damage":13,"enemies":"3 Darklings","floor":36,"turns":3},{"damage":17,"enemies":"Sphere and 2 Shapes","floor":37,"turns":5},{"damage":69,"enemies":"Reptomancer","floor":40,"turns":5}],"seed_played":"-6405585624299716979","potions_obtained":[{"floor":2.0,"key":"Block Potion"},{"floor":8.0,"key":"GamblersBrew"},{"floor":14,"key":"Swift Potion"},{"floor":18,"key":"AttackPotion"},{"floor":20,"key":"LiquidMemories"},{"floor":21,"key":"DistilledChaos"},{"floor":27,"key":"BlessingOfTheForge"},{"floor":35,"key":"Swift Potion"}],"is_trial":false,"path_per_floor":["M","M","$","?","?","E","$","E","T","R","M","R","M","M","R","B",null,"M","M","M","M","$","R","?","R","T","?","R","E","?","M","R","B",null,"M","M","M","?","?","E"],"character_chosen":"DEFECT","basemod:card_modifiers":[null,null,null,null,null,null,null,null,null,null,null,null,null,null,null,null,null,null,null,null,null,null,null,null,null],"items_purchased":["AttackPotion","Membership Card","Self Repair"],"campfire_rested":2,"item_purchase_floors":[3,22,22],"current_hp_per_floor":[64,64,64,57,57,57,57,52,52,52,35,35,26,21,21,21,59,43,50,30,20,20,41,20,41,41,53,62,42,42,25,37,28,60,69,65,57,57,57,0],"gold":548,"neow_bonus":"THREE_ENEMY_KILL","is_prod":false,"is_daily":false,"chose_seed":false,"campfire_upgraded":5,"win_rate":0,"timestamp":1694718091,"path_taken":["M","M","?","?","?","E","?","E","T","R","M","R","M","M","R","BOSS","M","M","M","?","$","R","?","R","T","?","R","E","?","M","R","BOSS","M","M","M","?","?","E"],"build_version":"2022-12-01","purchased_purges":2,"victory":false,"max_hp_per_floor":[71,71,71,71,71,71,71,71,71,71,71,71,71,71,71,71,71,71,71,71,71,71,71,71,71,71,71,71,71,71,71,71,71,71,71,71,71,71,71,71],"card_choices":[{"not_picked":["Gash","Go for the Eyes"],"picked":"Hologram","floor":1.0},{"not_picked":["Stack","Tempest"],"picked":"Turbo","floor":2.0},{"not_picked":["BootSequence","Compile Driver"],"picked":"Rebound","floor":6.0},{"not_picked":["Conserve Battery","Stack"],"picked":"Rebound","floor":8.0},{"not_picked":["Go for the Eyes","Beam Cell"],"picked":"Conserve Battery","floor":11.0},{"not_picked":["Fusion","Steam"],"picked":"Tempest","floor":13},{"not_picked":["Conserve Battery","Fusion"],"picked":"Coolheaded","floor":14},{"not_picked":["Buffer","Seek"],"picked":"Meteor Strike","floor":16},{"not_picked":["Coolheaded","Gash"],"picked":"Conserve Battery","floor":18},{"not_picked":["Go for the Eyes","Reprogram","Turbo"],"picked":"SKIP","floor":19},{"not_picked":["Stack","Barrage"],"picked":"Steam","floor":20},{"not_picked":["Cold Snap","Turbo","Conserve Battery"],"picked":"SKIP","floor":21},{"not_picked":["Chill","Steam Power+1"],"picked":"Recycle","floor":29},{"not_picked":["Streamline","Sweeping Beam"],"picked":"Ball Lightning","floor":31},{"not_picked":["Machine Learning","Buffer"],"picked":"All For One","floor":33},{"not_picked":["Reinforced Body+1","Reprogram+1"],"picked":"Compile Driver","floor":35},{"not_picked":["Storm","Sweeping Beam+1","Cold Snap"],"picked":"SKIP","floor":36},{"not_picked":["Go for the Eyes+1","Stack"],"picked":"Defragment+1","floor":37},{"not_picked":["Flash of Steel","PanicButton"],"picked":"Apotheosis","floor":39}],"player_experience":110561,"relics_obtained":[{"floor":6.0,"key":"Blood Vial"},{"floor":8.0,"key":"Toy Ornithopter"},{"floor":24,"key":"Enchiridion"},{"floor":26,"key":"Eternal Feather"},{"floor":27,"key":"Red Mask"},{"floor":29,"key":"Letter Opener"}],"event_choices":[{"cards_removed":["Strike_B"],"damage_healed":0.0,"max_hp_gain":0.0,"max_hp_loss":0.0,"gold_gain":0.0,"event_name":"Golden Wing","player_choice":"Card Removal","floor":4.0,"gold_loss":0.0,"damage_taken":7.0},{"damage_healed":0.0,"max_hp_gain":0.0,"max_hp_loss":0.0,"gold_gain":0.0,"cards_transformed":["Strike_B"],"event_name":"Living Wall","player_choice":"Change","floor":5.0,"gold_loss":0.0,"damage_taken":0.0,"cards_obtained":["Thunder Strike"]},{"damage_healed":0,"gold_gain":0,"player_choice":"Obtained Book","damage_taken":21,"max_hp_gain":0,"max_hp_loss":0,"event_name":"Cursed Tome","floor":24,"gold_loss":0},{"damage_healed":0,"gold_gain":0,"player_choice":"Fought Bandits","damage_taken":0,"max_hp_gain":0,"max_hp_loss":0,"event_name":"Masked Bandits","floor":27,"gold_loss":0},{"damage_healed":0,"gold_gain":50,"player_choice":"Stole From Cult","damage_taken":0,"max_hp_gain":0,"max_hp_loss":0,"event_name":"Nest","floor":30,"gold_loss":0},{"damage_healed":0,"gold_gain":222,"player_choice":"Wore Mask","damage_taken":0,"max_hp_gain":0,"max_hp_loss":0,"event_name":"Tomb of Lord Red Mask","floor":38,"gold_loss":0},{"damage_healed":0,"gold_gain":0,"player_choice":"Memory 1","damage_taken":0,"max_hp_gain":0,"max_hp_loss":0,"event_name":"SensoryStone","floor":39,"gold_loss":0}],"is_beta":false,"boss_relics":[{"not_picked":["Black Star","Ectoplasm"],"picked":"Runic Dome"},{"not_picked":["Busted Crown","SlaversCollar"],"picked":"Nuclear Battery"}],"items_purged_floors":[3,22],"is_endless":false,"potions_floor_spawned":[2,8,11,13,14,18,20,21,27,35,37],"killed_by":"Reptomancer","ascension_level":20}