{"gold_per_floor":[214,0,14,26,37,68,68,94,146,146,158,158,192,203,203,278,278,293,311,44,44],"floor_reached":21,"playtime":1885,"items_purged":[],"score":602,"play_id":"1726d2da-1265-47a4-aa8c-3621844f8380","local_time":"20230912195851","is_ascension_mode":true,"campfire_choices":[{"floor":7.0,"key":"REST"},{"data":"Zap","floor":10.0,"key":"SMITH"},{"data":"Conserve Battery","floor":12.0,"key":"SMITH"},{"data":"Dualcast","floor":15.0,"key":"SMITH"}],"neow_cost":"NONE","seed_source_timestamp":0,"circlet_count":0,"master_deck":["AscendersBane","Strike_B","Strike_B","Strike_B","Strike_B","Defend_B","Defend_B","Defend_B","Defend_B","Zap+1","Dualcast+1","Melter","Ball Lightning","Steam Power","Conserve Battery+1","Turbo","Ball Lightning","Rebound","Meteor Strike","Static Discharge","Apotheosis","Conserve Battery"],"special_seed":0,"relics":["Cracked Core","Akabeko","StrikeDummy","Letter Opener","Happy Flower","Anchor","SacredBark"],"potions_floor_usage":[],"damage_taken":[{"damage":0.0,"enemies":"Cultist","floor":1.0,"turns":3.0},{"damage":2.0,"enemies":"Jaw Worm","floor":3.0,"turns":2.0},{"damage":0.0,"enemies":"2 Louse","floor":4.0,"turns":1.0},{"damage":11.0,"enemies":"Exordium Thugs","floor":5.0,"turns":4.0},{"damage":20.0,"enemies":"Lagavulin","floor":6.0,"turns":6.0},{"damage":8.0,"enemies":"Gremlin Nob","floor":8.0,"turns":3.0},{"damage":3.0,"enemies":"Gremlin Gang","floor":11.0,"turns":3.0},{"damage":15.0,"enemies":"Lagavulin","floor":13.0,"turns":6.0},{"damage":0.0,"enemies":"Large Slime","floor":14.0,"turns":4.0},{"damage":9.0,"enemies":"Hexaghost","floor":16.0,"turns":7.0},{"damage":23.0,"enemies":"3 Byrds","floor":18.0,"turns":3.0},{"damage":0.0,"enemies":"Shell Parasite","floor":19.0,"turns":1.0},{"damage":41,"enemies":"Masked Bandits","floor":21,"turns":3}],"seed_played":"-1974215114331705000","potions_obtained":[{"floor":1.0,"key":"Swift Potion"},{"floor":5.0,"key":"Ancient Potion"},{"floor":11.0,"key":"AttackPotion"},{"floor":14.0,"key":"Fire Potion"}],"is_trial":false,"path_per_floor":["M","$","M","M","M","E","R","E","T","R","M","R","E","M","R","B",null,"M","M","$","?"],"character_chosen":"DEFECT","basemod:card_modifiers":[null,null,null,null,null,null,null,null,null,null,null,null,null,null,null,null,null,null,null,null,null,null],"items_purchased":["Akabeko","Ball Lightning","Apotheosis","Swift Potion","Conserve Battery"],"campfire_rested":1,"item_purchase_floors":[2,2,20,20,20],"current_hp_per_floor":[64,64,62,62,51,31,52,44,44,44,41,41,26,26,26,17,58,35,35,35,0],"gold":44,"neow_bonus":"HUNDRED_GOLD","is_prod":false,"is_daily":false,"chose_seed":false,"campfire_upgraded":3,"win_rate":0,"timestamp":1694563131,"path_taken":["M","?","M","?","M","E","R","E","T","R","M","R","E","M","R","BOSS","M","M","$","?"],"build_version":"2022-12-01","purchased_purges":0,"victory":false,"max_hp_per_floor":[71,71,71,71,71,71,71,71,71,71,71,71,71,71,71,71,71,71,71,71,71],"card_choices":[{"not_picked":["Chill","Rip and Tear"],"picked":"Melter","floor":1.0},{"not_picked":["Beam Cell","Streamline"],"picked":"Steam Power","floor":3.0},{"not_picked":["Rebound","Steam","Turbo"],"picked":"SKIP","floor":4.0},{"not_picked":["Multi-Cast","Stack"],"picked":"Conserve Battery","floor":5.0},{"not_picked":["Redo","Beam Cell","Streamline"],"picked":"SKIP","floor":6.0},{"not_picked":["Chaos","Scrape"],"picked":"Turbo","floor":8.0},{"not_picked":["Rip and Tear","Turbo","Beam Cell"],"picked":"SKIP","floor":11.0},{"not_picked":["Gash","Reboot"],"picked":"Ball Lightning","floor":13.0},{"not_picked":["Stack","Rip and Tear"],"picked":"Rebound","floor":14.0},{"not_picked":["Amplify","All For One"],"picked":"Meteor Strike","floor":16.0},{"not_picked":["Rip and Tear+1","Reprogram"],"picked":"Static Discharge","floor":18.0},{"not_picked":["Cold Snap","Hologram","Rebound"],"picked":"SKIP","floor":19.0}],"player_experience":102336,"relics_obtained":[{"floor":6.0,"key":"StrikeDummy"},{"floor":8.0,"key":"Letter Opener"},{"floor":9.0,"key":"Happy Flower"},{"floor":13.0,"key":"Anchor"}],"event_choices":[{"damage_healed":0,"gold_gain":0,"player_choice":"Fought Bandits","damage_taken":0,"max_hp_gain":0,"max_hp_loss":0,"event_name":"Masked Bandits","floor":21,"gold_loss":0}],"is_beta":false,"boss_relics":[{"not_picked":["Runic Dome","Empty Cage"],"picked":"SacredBark"}],"items_purged_floors":[],"is_endless":false,"potions_floor_spawned":[1,5,11,14],"killed_by":"Masked Bandits","ascension_level":20}