{"gold_per_floor":[112,130,75,91,106,106,142,142,223,223,243,268,310,330,330,416,416,444,473,500,522,550,550,229,229,229,272,295,295,321,341,341,421,421,442,273,293,316,342,369,125,125,125,150,150,150,0,42,42,42,42],"floor_reached":51,"playtime":8748,"items_purged":["Strike_B","Strike_B","Strike_B","Strike_B"],"score":1407,"play_id":"5c411ebc-4f0c-4848-9732-cc810ddb74b5","local_time":"20230910220337","is_ascension_mode":true,"campfire_choices":[{"data":"Zap","floor":6.0,"key":"SMITH"},{"data":"Undo","floor":8.0,"key":"SMITH"},{"data":"Turbo","floor":10.0,"key":"SMITH"},{"data":"Seek","floor":15.0,"key":"SMITH"},{"data":"Ghostly","floor":23.0,"key":"SMITH"},{"data":"Ghostly","floor":25.0,"key":"SMITH"},{"data":"Defragment","floor":29.0,"key":"SMITH"},{"data":"Ghostly","floor":32.0,"key":"SMITH"},{"data":"Echo Form","floor":42,"key":"SMITH"},{"floor":45,"key":"RECALL"},{"floor":49,"key":"REST"}],"neow_cost":"NONE","seed_source_timestamp":0,"circlet_count":0,"master_deck":["AscendersBane","Defend_B","Defend_B","Defend_B","Defend_B","Dualcast","Undo+1","Turbo+1","Ball Lightning","Self Repair","Echo Form+1","Sweeping Beam","Seek+1","Meteor Strike","Rebound","Capacitor+1","Ghostly+1","Ghostly+1","Ghostly+1","Static Discharge","Glacier","Compile Driver","Defragment+1","Chill","Echo Form","Coolheaded","Heatsinks","Coolheaded","Skim","Stack","Purity","Reinforced Body"],"special_seed":0,"relics":["Cracked Core","Regal Pillow","Pocketwatch","CeramicFish","Bag of Marbles","Cursed Key","Lee\u0027s Waffle","Mango","Black Star","Thread and Needle","Omamori","FossilizedHelix","Potion Belt","Lantern"],"potions_floor_usage":[38,40,50,51],"damage_taken":[{"damage":3.0,"enemies":"Small Slimes","floor":1.0,"turns":4.0},{"damage":1.0,"enemies":"Cultist","floor":2.0,"turns":4.0},{"damage":0.0,"enemies":"Jaw Worm","floor":4.0,"turns":4.0},{"damage":1.0,"enemies":"Looter","floor":5.0,"turns":4.0},{"damage":1.0,"enemies":"Gremlin Nob","floor":7.0,"turns":3.0},{"damage":15.0,"enemies":"3 Louse","floor":11.0,"turns":4.0},{"damage":9.0,"enemies":"Exordium Wildlife","floor":12.0,"turns":4.0},{"damage":20.0,"enemies":"3 Sentries","floor":13.0,"turns":6.0},{"damage":8.0,"enemies":"2 Fungi Beasts","floor":14.0,"turns":5.0},{"damage":17.0,"enemies":"Slime Boss","floor":16.0,"turns":8.0},{"damage":8.0,"enemies":"Chosen","floor":18.0,"turns":4.0},{"damage":25.0,"enemies":"2 Thieves","floor":19.0,"turns":4.0},{"damage":20.0,"enemies":"Shelled Parasite and Fungi","floor":21.0,"turns":8.0},{"damage":22.0,"enemies":"Snake Plant","floor":22.0,"turns":5.0},{"damage":10.0,"enemies":"Slavers","floor":27.0,"turns":6.0},{"damage":2.0,"enemies":"Centurion and Healer","floor":28.0,"turns":7.0},{"damage":0.0,"enemies":"Snecko","floor":30.0,"turns":4.0},{"damage":3.0,"enemies":"3 Cultists","floor":31.0,"turns":6.0},{"damage":21.0,"enemies":"Automaton","floor":33.0,"turns":15.0},{"damage":1,"enemies":"Orb Walker","floor":35,"turns":6},{"damage":11,"enemies":"3 Shapes","floor":37,"turns":6},{"damage":45,"enemies":"Transient","floor":38,"turns":6},{"damage":3,"enemies":"Jaw Worm Horde","floor":39,"turns":5},{"damage":9,"enemies":"Giant Head","floor":40,"turns":12},{"damage":0,"enemies":"Mind Bloom Boss Battle","floor":44,"turns":8},{"damage":23,"enemies":"Nemesis","floor":48,"turns":11},{"damage":39,"enemies":"Time Eater","floor":50,"turns":29},{"damage":43,"enemies":"Awakened One","floor":51,"turns":6}],"seed_played":"-7391423095886372956","potions_obtained":[{"floor":2.0,"key":"CultistPotion"},{"floor":4.0,"key":"SneckoOil"},{"floor":11.0,"key":"Swift Potion"},{"floor":12.0,"key":"Swift Potion"},{"floor":16.0,"key":"Weak Potion"},{"floor":18.0,"key":"SkillPotion"},{"floor":19.0,"key":"Strength Potion"},{"floor":33.0,"key":"Swift Potion"},{"floor":38,"key":"Energy Potion"},{"floor":40,"key":"Fire Potion"},{"floor":44,"key":"Energy Potion"}],"is_trial":false,"path_per_floor":["M","M","?","M","M","R","E","R","T","R","M","M","E","M","R","B",null,"M","M","?","M","M","R","$","R","T","E","M","R","M","M","R","B",null,"M","$","M","M","M","E","$","R","T","?","R","?","$","E","R","B","B"],"character_chosen":"DEFECT","basemod:card_modifiers":[null,null,null,null,null,null,null,null,null,null,null,null,null,null,null,null,null,null,null,null,null,null,null,null,null,null,null,null,null,null,null,null],"items_purchased":["Lee\u0027s Waffle","LiquidMemories","Heatsinks","Stack","Purity"],"campfire_rested":1,"item_purchase_floors":[24,24,36,41,41],"current_hp_per_floor":[61,60,60,60,59,59,58,58,58,58,50,48,42,48,48,38,63,69,58,35,29,21,21,42,42,42,56,56,56,56,56,56,42,53,56,56,56,18,29,34,34,34,34,48,48,48,48,39,56,31,0],"gold":42,"neow_bonus":"RANDOM_COMMON_RELIC","is_prod":false,"is_daily":false,"chose_seed":false,"campfire_upgraded":9,"win_rate":0,"timestamp":1694397817,"path_taken":["M","M","?","M","M","R","E","R","T","R","M","M","E","?","R","BOSS","M","?","?","M","M","R","$","R","T","E","M","R","M","M","R","BOSS","M","$","M","M","M","E","$","R","T","?","R","?","?","E","R","BOSS","BOSS"],"build_version":"2022-12-01","purchased_purges":4,"victory":false,"max_hp_per_floor":[71,71,71,71,71,71,71,71,71,71,71,71,71,71,71,71,71,71,71,35,35,35,35,42,42,42,56,56,56,56,56,56,56,56,56,56,56,56,56,56,56,56,56,56,56,56,56,56,56,56,56],"card_choices":[{"not_picked":["Gash","Redo","Tempest"],"picked":"SKIP","floor":1.0},{"not_picked":["Conserve Battery","Blizzard"],"picked":"Undo","floor":2.0},{"not_picked":["All For One","Barrage"],"picked":"Turbo","floor":4.0},{"not_picked":["Go for the Eyes","Undo"],"picked":"Ball Lightning","floor":5.0},{"not_picked":["Scrape","Cold Snap"],"picked":"Self Repair","floor":7.0},{"not_picked":["Storm","Steam"],"picked":"Echo Form","floor":11.0},{"not_picked":["Capacitor","Heatsinks"],"picked":"Sweeping Beam","floor":12.0},{"not_picked":["Capacitor","Machine Learning"],"picked":"Seek","floor":13.0},{"not_picked":["Stack","Fusion","Lockon"],"picked":"SKIP","floor":14.0},{"not_picked":["Thunder Strike","Seek"],"picked":"Meteor Strike","floor":16.0},{"not_picked":["Aggregate","Steam Power"],"picked":"Rebound","floor":18.0},{"not_picked":["Force Field","Gash"],"picked":"Capacitor+1","floor":19.0},{"not_picked":["Stack","Darkness"],"picked":"Static Discharge","floor":21.0},{"not_picked":["Cold Snap","Barrage"],"picked":"Glacier","floor":22.0},{"not_picked":["Hello World","Tempest"],"picked":"Compile Driver","floor":27.0},{"not_picked":["Steam","Chaos"],"picked":"Defragment","floor":28.0},{"not_picked":["Sweeping Beam","Force Field+1"],"picked":"Chill","floor":30.0},{"not_picked":["Cold Snap","FTL","Thunder Strike"],"picked":"SKIP","floor":31.0},{"not_picked":["Rainbow","Thunder Strike"],"picked":"Echo Form","floor":33.0},{"not_picked":["Reprogram","Auto Shields"],"picked":"Coolheaded","floor":35},{"not_picked":["Doom and Gloom","Consume","Steam+1"],"picked":"SKIP","floor":37},{"not_picked":["Hologram","Steam Power"],"picked":"Coolheaded","floor":38},{"not_picked":["Turbo","Glacier"],"picked":"Skim","floor":39},{"not_picked":["Storm+1","Steam+1","Sweeping Beam+1"],"picked":"SKIP","floor":40},{"not_picked":["Turbo","Redo"],"picked":"Reinforced Body","floor":48}],"player_experience":84459,"relics_obtained":[{"floor":7.0,"key":"CeramicFish"},{"floor":13.0,"key":"Bag of Marbles"},{"floor":27.0,"key":"Mango"},{"floor":40,"key":"Thread and Needle"},{"floor":40,"key":"Omamori"},{"floor":44,"key":"FossilizedHelix"},{"floor":48,"key":"Potion Belt"},{"floor":48,"key":"Lantern"}],"event_choices":[{"damage_healed":0.0,"max_hp_gain":0.0,"max_hp_loss":0.0,"gold_gain":0.0,"event_name":"WeMeetAgain","player_choice":"Paid Gold","floor":3.0,"gold_loss":55.0,"damage_taken":0.0,"relics_obtained":["Pocketwatch"]},{"damage_healed":0.0,"max_hp_gain":0.0,"max_hp_loss":36.0,"gold_gain":0.0,"event_name":"Ghosts","player_choice":"Became a Ghost","floor":20.0,"gold_loss":0.0,"damage_taken":0.0,"cards_obtained":["Ghostly","Ghostly","Ghostly"]},{"damage_healed":0,"gold_gain":0,"player_choice":"Fight","damage_taken":0,"max_hp_gain":0,"max_hp_loss":0,"event_name":"MindBloom","floor":44,"gold_loss":0},{"cards_removed":["Zap"],"damage_healed":0,"gold_gain":0,"player_choice":"Removed Skill","damage_taken":0,"max_hp_gain":0,"max_hp_loss":0,"event_name":"Falling","floor":46,"gold_loss":0}],"is_beta":false,"boss_relics":[{"not_picked":["Astrolabe","Runic Pyramid"],"picked":"Cursed Key"},{"not_picked":["SlaversCollar","Coffee Dripper"],"picked":"Black Star"}],"items_purged_floors":[24,36,41,47],"is_endless":false,"potions_floor_spawned":[2,4,11,12,16,18,19,28,30,33,38,40,44],"killed_by":"Awakened One","ascension_level":20}