{"gold_per_floor":[217,11,21,21,21,21,53,53,80,96,106,106],"floor_reached":12,"playtime":1042,"items_purged":["Defend_B"],"score":156,"play_id":"8053731b-124a-4b1d-89fb-5480431927e4","local_time":"20231010101642","is_ascension_mode":true,"campfire_choices":[{"data":"Consume","floor":6,"key":"SMITH"},{"floor":8,"key":"REST"}],"neow_cost":"NONE","seed_source_timestamp":65113653730417,"circlet_count":0,"master_deck":["AscendersBane","Strike_B","Strike_B","Strike_B","Strike_B","Defend_B","Defend_B","Defend_B","Zap","Dualcast","Defragment+1","Consume+1","Coolheaded","Conserve Battery"],"special_seed":0,"relics":["Cracked Core","Oddly Smooth Stone"],"potions_floor_usage":[7,12],"damage_taken":[{"damage":2.0,"enemies":"Jaw Worm","floor":1.0,"turns":4.0},{"damage":4,"enemies":"Small Slimes","floor":3,"turns":3},{"damage":35,"enemies":"Lagavulin","floor":7,"turns":6},{"damage":0,"enemies":"Cultist","floor":10,"turns":3},{"damage":9,"enemies":"Red Slaver","floor":11,"turns":3},{"damage":39,"enemies":"Gremlin Nob","floor":12,"turns":3}],"seed_played":"5800531482474503913","potions_obtained":[{"floor":3,"key":"DuplicationPotion"}],"is_trial":false,"path_per_floor":["M","$","M","?","?","R","E","R","T","M","M","E"],"character_chosen":"DEFECT","basemod:card_modifiers":[null,null,null,null,null,null,null,null,null,null,null,null,null,null],"items_purchased":["Defragment","Fire Potion"],"campfire_rested":1,"item_purchase_floors":[2,2],"current_hp_per_floor":[62,62,58,58,58,58,23,44,44,44,35,0],"gold":106,"neow_bonus":"HUNDRED_GOLD","is_prod":false,"is_daily":false,"chose_seed":false,"campfire_upgraded":1,"win_rate":0,"timestamp":1696947402,"path_taken":["M","$","M","?","?","R","E","R","T","M","M","E"],"build_version":"2022-12-01","purchased_purges":1,"victory":false,"max_hp_per_floor":[71,71,71,71,71,71,71,71,71,71,71,71],"card_choices":[{"not_picked":["Redo","Go for the Eyes","Hello World"],"picked":"SKIP","floor":1.0},{"not_picked":["Stack","Redo"],"picked":"Consume","floor":3},{"not_picked":["Streamline","Beam Cell"],"picked":"Coolheaded","floor":7},{"not_picked":["Stack","Gash"],"picked":"Conserve Battery","floor":10},{"not_picked":["Force Field","Consume","Reinforced Body"],"picked":"SKIP","floor":11}],"player_experience":162934,"relics_obtained":[{"floor":7,"key":"Oddly Smooth Stone"}],"event_choices":[{"damage_healed":0,"gold_gain":0,"player_choice":"Grow","damage_taken":0,"max_hp_gain":0,"max_hp_loss":0,"event_name":"Living Wall","floor":4,"gold_loss":0,"cards_upgraded":["Defragment"]},{"damage_healed":0,"gold_gain":0,"player_choice":"Got Potions","damage_taken":0,"max_hp_gain":0,"max_hp_loss":0,"event_name":"Lab","floor":5,"gold_loss":0}],"is_beta":false,"boss_relics":[],"items_purged_floors":[2],"is_endless":false,"potions_floor_spawned":[3],"killed_by":"Gremlin Nob","ascension_level":20}