{"gold_per_floor":[114,114,124,142,161,161,192,192,192,227,227,27,44,72,72,145,145,163,163,21,32,32,32,60,60,60,94,94,108,33,43,43,133,145,172,184,207,219],"floor_reached":38,"playtime":3454,"items_purged":[],"score":1014,"play_id":"2273bc7c-ab62-422a-86ff-702521d9d90c","local_time":"20231011101138","is_ascension_mode":true,"campfire_choices":[{"data":"Rip and Tear","floor":6,"key":"SMITH"},{"floor":8,"key":"REST"},{"floor":11,"key":"REST"},{"data":"Zap","floor":15,"key":"SMITH"},{"floor":23,"key":"DIG"},{"floor":25,"key":"DIG"},{"floor":32,"key":"DIG"}],"neow_cost":"NONE","seed_source_timestamp":135725841518416,"circlet_count":0,"master_deck":["AscendersBane","Strike_B+1","Strike_B+1","Defend_B+1","Defend_B+1","Defend_B+1","Defend_B+1","Zap+1","Dualcast","Rebound","Rip and Tear+1","Compile Driver","Gash","Leap","Turbo","White Noise","Chill","Core Surge","Genetic Algorithm","BootSequence","Self Repair","Skim+1","Ghostly","Ghostly","Ghostly","Seek+1","Madness+1","Madness+1","Coolheaded+1","Parasite"],"relics":["Cracked Core","NeowsBlessing","Shovel","Dead Branch","Thread and Needle","Membership Card","Gremlin Horn","Fusion Hammer","PreservedInsect","Smiling Mask","Ancient Tea Set","Orichalcum","Toxic Egg 2","Anchor","MawBank","Cursed Key"],"potions_floor_usage":[10,10,13,14,16,29,33],"damage_taken":[{"damage":0,"enemies":"2 Louse","floor":1,"turns":1},{"damage":0,"enemies":"Jaw Worm","floor":3,"turns":1},{"damage":0,"enemies":"Small Slimes","floor":4,"turns":1},{"damage":11,"enemies":"Blue Slaver","floor":5,"turns":4},{"damage":36,"enemies":"Gremlin Nob","floor":7,"turns":4},{"damage":26,"enemies":"3 Sentries","floor":10,"turns":5},{"damage":0,"enemies":"Large Slime","floor":13,"turns":4},{"damage":9,"enemies":"Lagavulin","floor":14,"turns":6},{"damage":20,"enemies":"The Guardian","floor":16,"turns":16},{"damage":24,"enemies":"2 Thieves","floor":18,"turns":4},{"damage":15,"enemies":"3 Byrds","floor":21,"turns":3},{"damage":0,"enemies":"Book of Stabbing","floor":24,"turns":6},{"damage":6,"enemies":"Gremlin Leader","floor":27,"turns":5},{"damage":1,"enemies":"Centurion and Healer","floor":29,"turns":10},{"damage":0,"enemies":"3 Cultists","floor":31,"turns":5},{"damage":0,"enemies":"Champ","floor":33,"turns":12},{"damage":0,"enemies":"Orb Walker","floor":35,"turns":3},{"damage":7,"enemies":"3 Darklings","floor":37,"turns":4},{"damage":34,"enemies":"Writhing Mass","floor":38,"turns":5}],"seed_played":"-2689666446991595724","potions_obtained":[{"floor":7,"key":"EntropicBrew"},{"floor":10,"key":"Regen Potion"},{"floor":14,"key":"LiquidMemories"},{"floor":16,"key":"Weak Potion"},{"floor":21,"key":"EssenceOfDarkness"},{"floor":29,"key":"SkillPotion"}],"is_trial":false,"path_per_floor":["M","?","M","M","M","R","E","R","T","E","R","$","M","E","R","B",null,"M","?","$","M","?","R","E","R","T","E","?","M","?","M","R","B",null,"M","?","M","M"],"character_chosen":"DEFECT","basemod:card_modifiers":[null,null,null,null,null,null,null,null,null,null,null,null,null,null,null,null,null,null,null,null,null,null,null,null,null,null,null,null,null,null],"items_purchased":["Membership Card","White Noise","PreservedInsect","BootSequence","Self Repair"],"campfire_rested":2,"item_purchase_floors":[12,12,20,20,20],"current_hp_per_floor":[64,57,57,57,46,46,10,31,31,5,26,26,38,29,29,9,56,32,32,32,24,24,24,31,31,31,32,32,35,35,35,35,35,35,35,29,29,0],"gold":219,"neow_bonus":"THREE_ENEMY_KILL","is_prod":false,"is_daily":false,"chose_seed":false,"campfire_upgraded":2,"win_rate":0,"timestamp":1697033498,"path_taken":["M","?","M","M","M","R","E","R","T","E","R","$","M","E","R","BOSS","M","?","$","M","?","R","E","R","T","E","?","M","?","M","R","BOSS","M","?","M","M"],"build_version":"2022-12-01","purchased_purges":0,"victory":false,"max_hp_per_floor":[71,71,71,71,71,71,71,71,71,71,71,71,71,71,71,71,71,71,71,71,71,35,35,35,35,35,35,35,35,35,35,35,35,35,35,35,35,35],"card_choices":[{"not_picked":["Barrage","Sweeping Beam"],"picked":"Rebound","floor":1},{"not_picked":["Beam Cell","Conserve Battery"],"picked":"Rip and Tear","floor":3},{"not_picked":["Chaos","Heatsinks"],"picked":"Compile Driver","floor":4},{"not_picked":["Capacitor","Streamline"],"picked":"Gash","floor":5},{"not_picked":["Rebound","Melter"],"picked":"Leap","floor":7},{"not_picked":["Streamline","Storm"],"picked":"Turbo","floor":10},{"not_picked":["Turbo","Streamline"],"picked":"Chill","floor":13},{"not_picked":["Scrape","Amplify","Rebound"],"picked":"SKIP","floor":14},{"not_picked":["Meteor Strike","Thunder Strike"],"picked":"Core Surge","floor":16},{"not_picked":["Stack","Hologram"],"picked":"Genetic Algorithm","floor":18},{"not_picked":["Sunder","Hologram"],"picked":"Skim+1","floor":21},{"not_picked":["Gash","Steam","BootSequence+1"],"picked":"SKIP","floor":24},{"not_picked":["Genetic Algorithm+1","Steam Power+1","Lockon"],"picked":"SKIP","floor":27},{"not_picked":["Melter","Ball Lightning","Amplify+1"],"picked":"SKIP","floor":29},{"not_picked":["Redo+1","Conserve Battery+1","Stack+1"],"picked":"SKIP","floor":31},{"not_picked":["All For One","Rainbow+1"],"picked":"Seek+1","floor":33},{"not_picked":["Sweeping Beam+1","Stack+1","Genetic Algorithm+1"],"picked":"SKIP","floor":35},{"not_picked":["Cold Snap","Capacitor+1"],"picked":"Coolheaded+1","floor":37}],"player_experience":171047,"relics_obtained":[{"floor":7,"key":"Shovel"},{"floor":9,"key":"Dead Branch"},{"floor":10,"key":"Thread and Needle"},{"floor":14,"key":"Gremlin Horn"},{"floor":23,"key":"Smiling Mask"},{"floor":24,"key":"Ancient Tea Set"},{"floor":25,"key":"Orichalcum"},{"floor":26,"key":"Toxic Egg 2"},{"floor":27,"key":"Anchor"},{"floor":32,"key":"MawBank"}],"event_choices":[{"cards_removed":["Strike_B"],"damage_healed":0,"gold_gain":0,"player_choice":"Card Removal","damage_taken":7,"max_hp_gain":0,"max_hp_loss":0,"event_name":"Golden Wing","floor":2,"gold_loss":0},{"damage_healed":0,"gold_gain":0,"player_choice":"Simplicity","damage_taken":0,"max_hp_gain":0,"max_hp_loss":0,"event_name":"Back to Basics","floor":19,"gold_loss":0,"cards_upgraded":["Strike_B","Strike_B","Strike_B","Defend_B","Defend_B","Defend_B","Defend_B"]},{"damage_healed":0,"gold_gain":0,"player_choice":"Became a Ghost","damage_taken":0,"max_hp_gain":0,"max_hp_loss":36,"event_name":"Ghosts","floor":22,"gold_loss":0,"cards_obtained":["Ghostly","Ghostly","Ghostly"]},{"damage_healed":0,"gold_gain":0,"player_choice":"Ignored","damage_taken":0,"max_hp_gain":0,"max_hp_loss":0,"event_name":"The Mausoleum","floor":28,"gold_loss":0},{"cards_removed":["Strike_B"],"damage_healed":0,"gold_gain":0,"player_choice":"Gave Gold","damage_taken":0,"max_hp_gain":0,"max_hp_loss":0,"event_name":"Beggar","floor":30,"gold_loss":75},{"damage_healed":0,"gold_gain":0,"player_choice":"Embrace Madness","damage_taken":6,"max_hp_gain":0,"max_hp_loss":0,"event_name":"Winding Halls","floor":36,"gold_loss":0,"cards_obtained":["Madness","Madness"]}],"is_beta":false,"boss_relics":[{"not_picked":["Empty Cage","Sozu"],"picked":"Fusion Hammer"},{"not_picked":["FrozenCore","Runic Dome"],"picked":"Cursed Key"}],"items_purged_floors":[],"is_endless":false,"potions_floor_spawned":[7,10,14,16,21,27,29],"killed_by":"Writhing Mass","ascension_level":20}