{"gold_per_floor":[115,265,265,280,280,311,311,352,352,10,10,41,57,27,27,117,117,131,150,171,171,39,39,77,77,77,113,113,147,161,161],"floor_reached":31,"playtime":2149,"items_purged":["Defend_B"],"score":668,"play_id":"a97c49e0-1007-45ea-a522-5bbf1af1ca49","local_time":"20231011012235","is_ascension_mode":true,"campfire_choices":[{"data":"Loop","floor":7,"key":"SMITH"},{"data":"Zap","floor":11,"key":"SMITH"},{"data":"Defragment","floor":15,"key":"SMITH"},{"data":"Sunder","floor":23,"key":"SMITH"},{"data":"Defragment","floor":25,"key":"SMITH"}],"neow_cost":"NONE","seed_source_timestamp":106201122189416,"circlet_count":0,"master_deck":["AscendersBane","Strike_B","Strike_B","Strike_B","Strike_B","Defend_B","Defend_B","Defend_B","Zap+1","Dualcast","Hologram","Undo","Loop+1","Compile Driver","Self Repair","Sunder+1","Defragment+1","Doom and Gloom","Electrodynamics","Capacitor+1","Fusion","Core Surge","Glacier","Defragment+1","Capacitor+1"],"special_seed":0,"relics":["Cracked Core","NeowsBlessing","Golden Idol","Blue Candle","Mercury Hourglass","The Courier","Pantograph","Bag of Preparation","Snecko Eye","Orrery","Matryoshka","Art of War","Pen Nib","DataDisk"],"potions_floor_usage":[12,16,24,27],"damage_taken":[{"damage":0.0,"enemies":"Jaw Worm","floor":1.0,"turns":1.0},{"damage":0.0,"enemies":"Small Slimes","floor":4.0,"turns":1.0},{"damage":0.0,"enemies":"Gremlin Nob","floor":6.0,"turns":1.0},{"damage":26,"enemies":"Lagavulin","floor":8,"turns":8},{"damage":14,"enemies":"Gremlin Nob","floor":12,"turns":3},{"damage":6,"enemies":"Cultist","floor":13,"turns":3},{"damage":28,"enemies":"Hexaghost","floor":16,"turns":7},{"damage":0,"enemies":"Chosen","floor":18,"turns":3},{"damage":4,"enemies":"3 Byrds","floor":19,"turns":4},{"damage":11,"enemies":"Centurion and Healer","floor":20,"turns":4},{"damage":9,"enemies":"Gremlin Leader","floor":24,"turns":4},{"damage":10,"enemies":"Book of Stabbing","floor":27,"turns":6},{"damage":23,"enemies":"Gremlin Leader","floor":29,"turns":6},{"damage":3,"enemies":"Snake Plant","floor":30,"turns":3},{"damage":30,"enemies":"Chosen and Byrds","floor":31,"turns":3}],"seed_played":"-5628089857226072686","potions_obtained":[{"floor":1.0,"key":"FearPotion"},{"floor":12,"key":"ColorlessPotion"},{"floor":13,"key":"DuplicationPotion"},{"floor":18,"key":"ColorlessPotion"},{"floor":19,"key":"DistilledChaos"},{"floor":30,"key":"FearPotion"}],"is_trial":false,"path_per_floor":["M","?","?","M","?","E","R","E","T","$","R","E","M","$","R","B",null,"M","M","M","?","$","R","E","R","T","E","?","E","M","M"],"character_chosen":"DEFECT","basemod:card_modifiers":[null,null,null,null,null,null,null,null,null,null,null,null,null,null,null,null,null,null,null,null,null,null,null,null,null],"items_purchased":["Self Repair","Pantograph","Doom and Gloom","Orrery"],"campfire_rested":0,"item_purchase_floors":[10,10,14,22],"current_hp_per_floor":[64,64,64,64,64,64,64,38,38,38,38,24,18,18,18,22,54,61,64,60,60,60,60,58,58,58,55,55,32,29,0],"gold":161,"neow_bonus":"THREE_ENEMY_KILL","is_prod":false,"is_daily":false,"chose_seed":false,"campfire_upgraded":5,"win_rate":0,"timestamp":1697001755,"path_taken":["M","?","?","M","?","E","R","E","T","?","R","E","?","$","R","BOSS","M","M","M","?","$","R","E","R","T","E","?","E","M","?"],"build_version":"2022-12-01","purchased_purges":1,"victory":false,"max_hp_per_floor":[71,71,71,71,64,64,64,64,64,64,64,64,64,64,64,64,64,64,64,64,64,64,64,64,64,64,64,64,64,64,64],"card_choices":[{"not_picked":["Chaos","Steam"],"picked":"Hologram","floor":1.0},{"not_picked":["Glacier","Sweeping Beam"],"picked":"Undo","floor":4.0},{"not_picked":["Cold Snap","Tempest"],"picked":"Loop","floor":6.0},{"not_picked":["Scrape","Go for the Eyes"],"picked":"Compile Driver","floor":8},{"not_picked":["Scrape","Storm"],"picked":"Sunder","floor":12},{"not_picked":["Aggregate","Beam Cell"],"picked":"Defragment","floor":13},{"not_picked":["Machine Learning","Core Surge"],"picked":"Electrodynamics","floor":16},{"not_picked":["BootSequence","Cold Snap","Turbo"],"picked":"SKIP","floor":18},{"not_picked":["Hologram","Compile Driver"],"picked":"Capacitor+1","floor":19},{"not_picked":["Streamline","Gash","Go for the Eyes"],"picked":"SKIP","floor":20},{"not_picked":["Barrage","Stack"],"picked":"Fusion","floor":22},{"not_picked":["Cold Snap+1","Ball Lightning"],"picked":"Core Surge","floor":22},{"not_picked":["Sweeping Beam","Auto Shields"],"picked":"Glacier","floor":22},{"not_picked":["Turbo","Beam Cell"],"picked":"Defragment","floor":22},{"not_picked":["Beam Cell","Conserve Battery+1","Coolheaded"],"picked":"SKIP","floor":24},{"not_picked":["Compile Driver","Coolheaded+1","Barrage"],"picked":"SKIP","floor":27},{"not_picked":["Go for the Eyes","Melter","Chaos"],"picked":"SKIP","floor":29},{"not_picked":["Hologram","Capacitor+1","Blizzard"],"picked":"SKIP","floor":30}],"player_experience":167855,"relics_obtained":[{"floor":6.0,"key":"Blue Candle"},{"floor":8,"key":"Mercury Hourglass"},{"floor":9,"key":"The Courier"},{"floor":12,"key":"Bag of Preparation"},{"floor":24,"key":"Matryoshka"},{"floor":26,"key":"Art of War"},{"floor":27,"key":"Pen Nib"},{"floor":29,"key":"DataDisk"}],"event_choices":[{"damage_healed":0.0,"max_hp_gain":0.0,"max_hp_loss":0.0,"gold_gain":150.0,"event_name":"Liars Game","player_choice":"AGREE","floor":2.0,"gold_loss":0.0,"damage_taken":0.0,"cards_obtained":["Doubt"]},{"cards_removed":["Doubt"],"damage_healed":0.0,"max_hp_gain":0.0,"max_hp_loss":0.0,"gold_gain":0.0,"event_name":"Living Wall","player_choice":"Forget","floor":3.0,"gold_loss":0.0,"damage_taken":0.0},{"damage_healed":0.0,"max_hp_gain":0.0,"max_hp_loss":7.0,"gold_gain":0.0,"event_name":"Golden Idol","player_choice":"Lose Max HP","floor":5.0,"gold_loss":0.0,"damage_taken":0.0,"relics_obtained":["Golden Idol"]},{"damage_healed":0,"gold_gain":0,"player_choice":"Ignored","damage_taken":0,"max_hp_gain":0,"max_hp_loss":0,"event_name":"The Mausoleum","floor":21,"gold_loss":0},{"damage_healed":0,"gold_gain":0,"player_choice":"Copied","damage_taken":0,"max_hp_gain":0,"max_hp_loss":0,"event_name":"Duplicator","floor":28,"gold_loss":0,"cards_obtained":["Capacitor"]}],"is_beta":false,"boss_relics":[{"not_picked":["Runic Dome","Velvet Choker"],"picked":"Snecko Eye"}],"items_purged_floors":[10],"is_endless":false,"potions_floor_spawned":[1,12,13,18,19,30],"killed_by":"Chosen and Byrds","ascension_level":20}