{"gold_per_floor":[112,129,143,153,78,78,109,109,132,158,308,308,335,348,348,425,425,439,439,439,276,276,276,308,136,136,165,165,179,190,215,215,289,289,299,299,317,336,10,10,34,59,83,99,132,132,159,159,159,159],"floor_reached":50,"playtime":3685,"items_purged":["Strike_B"],"score":1213,"play_id":"c820064d-3389-4ab1-b851-e4cf67990e29","local_time":"20231019160654","is_ascension_mode":true,"campfire_choices":[{"data":"Rip and Tear","floor":6.0,"key":"SMITH"},{"data":"Sunder","floor":8.0,"key":"SMITH"},{"data":"Zap","floor":15.0,"key":"SMITH"},{"data":"Defragment","floor":23.0,"key":"SMITH"},{"data":"Hologram","floor":28.0,"key":"SMITH"},{"floor":32.0,"key":"REST"},{"data":"Heatsinks","floor":40.0,"key":"SMITH"},{"data":"Recycle","floor":49.0,"key":"SMITH"}],"neow_cost":"CURSE","seed_source_timestamp":0,"circlet_count":0,"master_deck":["AscendersBane","Defend_B","Defend_B","Defend_B","Zap+1","Dualcast","Hello World","Cold Snap","Ball Lightning","Conserve Battery","Sunder+1","Recycle+1","Hologram+1","Electrodynamics","Doom and Gloom+1","Coolheaded","Defragment+1","Defragment+1","Heatsinks+1","Undo","Reboot","Multi-Cast","Compile Driver"],"special_seed":0,"relics":["Cracked Core","Tiny Chest","Omamori","Akabeko","WingedGreaves","Philosopher\u0027s Stone","Matryoshka","Letter Opener","DataDisk","Bag of Marbles","Singing Bowl","Ancient Tea Set","Vajra","Nuclear Battery","ClockworkSouvenir","Strawberry","Incense Burner","PreservedInsect","FossilizedHelix","Dream Catcher"],"potions_floor_usage":[50,50],"damage_taken":[{"damage":0.0,"enemies":"Cultist","floor":1.0,"turns":4.0},{"damage":0.0,"enemies":"2 Louse","floor":2.0,"turns":1.0},{"damage":5.0,"enemies":"Small Slimes","floor":3.0,"turns":3.0},{"damage":2.0,"enemies":"2 Fungi Beasts","floor":4.0,"turns":3.0},{"damage":7.0,"enemies":"Gremlin Nob","floor":7.0,"turns":3.0},{"damage":33.0,"enemies":"Lagavulin","floor":10.0,"turns":6.0},{"damage":11.0,"enemies":"Gremlin Nob","floor":13.0,"turns":3.0},{"damage":0.0,"enemies":"Exordium Wildlife","floor":14.0,"turns":3.0},{"damage":18.0,"enemies":"Slime Boss","floor":16.0,"turns":7.0},{"damage":6.0,"enemies":"2 Thieves","floor":18.0,"turns":3.0},{"damage":32.0,"enemies":"Slavers","floor":24.0,"turns":2.0},{"damage":0.0,"enemies":"Gremlin Leader","floor":27.0,"turns":5.0},{"damage":0.0,"enemies":"Chosen","floor":29.0,"turns":2.0},{"damage":0.0,"enemies":"Snecko","floor":30.0,"turns":3.0},{"damage":29.0,"enemies":"Slavers","floor":31.0,"turns":3.0},{"damage":23.0,"enemies":"Automaton","floor":33.0,"turns":8.0},{"damage":0.0,"enemies":"3 Shapes","floor":35.0,"turns":1.0},{"damage":0.0,"enemies":"3 Darklings","floor":37.0,"turns":1.0},{"damage":0.0,"enemies":"Sphere and 2 Shapes","floor":38.0,"turns":3.0},{"damage":0.0,"enemies":"Mind Bloom Boss Battle","floor":42.0,"turns":2.0},{"damage":6.0,"enemies":"Jaw Worm Horde","floor":44.0,"turns":2.0},{"damage":0.0,"enemies":"Reptomancer","floor":45.0,"turns":3.0},{"damage":80,"enemies":"Awakened One","floor":50,"turns":8}],"seed_played":"7789652003236520712","potions_obtained":[{"floor":1.0,"key":"Dexterity Potion"},{"floor":3.0,"key":"Fire Potion"},{"floor":13.0,"key":"BlessingOfTheForge"},{"floor":24.0,"key":"BlessingOfTheForge"},{"floor":29.0,"key":"Block Potion"},{"floor":37.0,"key":"GamblersBrew"},{"floor":44.0,"key":"Regen Potion"},{"floor":45.0,"key":"Block Potion"}],"is_trial":false,"path_per_floor":["M","M","M","M","?","R","E","R","T","E","?","?","E","M","R","B",null,"M","?","T","$","?","R","E","$","T","E","R","M","M","E","R","B",null,"M","?","M","M","$","R","T","?","T","M","E","$","T","?","R","B"],"character_chosen":"DEFECT","basemod:card_modifiers":[null,null,null,null,null,null,null,null,null,null,null,null,null,null,null,null,null,null,null,null,null,null,null],"items_purchased":["Defragment","DataDisk","ClockworkSouvenir","Multi-Cast"],"campfire_rested":1,"item_purchase_floors":[21,25,39,39],"current_hp_per_floor":[64,64,59,57,57,57,50,50,50,17,17,39,28,28,28,10,54,48,48,48,48,68,68,36,36,36,36,36,36,38,11,32,11,58,60,60,60,60,60,60,67,69,69,65,65,65,65,65,65,0],"gold":159,"neow_bonus":"TRANSFORM_TWO_CARDS","is_prod":false,"is_daily":false,"chose_seed":false,"campfire_upgraded":7,"win_rate":0,"timestamp":1697746014,"path_taken":["M","M","?","M","?","R","E","R","T","E","?","?","E","M","R","BOSS","M","?","?","$","?","R","E","$","T","E","R","M","?","E","R","BOSS","M","?","M","M","$","R","?","?","T","?","E","?","?","?","R","BOSS"],"build_version":"2022-12-01","purchased_purges":1,"victory":false,"max_hp_per_floor":[71,71,71,71,68,68,68,68,68,68,68,68,68,68,68,68,68,68,68,68,68,68,68,68,68,68,68,68,68,70,72,72,74,74,76,76,76,76,76,76,83,85,85,87,87,87,87,87,87,87],"card_choices":[{"not_picked":["Barrage","Sunder"],"picked":"Cold Snap","floor":1.0},{"not_picked":["Chaos","Tempest","Aggregate"],"picked":"SKIP","floor":2.0},{"not_picked":["Chaos","Tempest","Aggregate"],"picked":"SKIP","floor":2.0},{"not_picked":["Sweeping Beam","White Noise"],"picked":"Ball Lightning","floor":3.0},{"not_picked":["Chill","Genetic Algorithm"],"picked":"Conserve Battery","floor":4.0},{"not_picked":["FTL","Reinforced Body"],"picked":"Sunder","floor":7.0},{"not_picked":["Compile Driver","Scrape"],"picked":"Recycle","floor":10.0},{"not_picked":["Loop","Ball Lightning"],"picked":"Hologram","floor":13.0},{"not_picked":["Consume","Streamline","Redo"],"picked":"SKIP","floor":14.0},{"not_picked":["Creative AI","Reboot"],"picked":"Electrodynamics","floor":16.0},{"not_picked":["Conserve Battery","Stack+1"],"picked":"Doom and Gloom+1","floor":18.0},{"not_picked":["Stack","Streamline","Cold Snap+1"],"picked":"SKIP","floor":24.0},{"not_picked":["Stack","Streamline","Cold Snap+1"],"picked":"SKIP","floor":24.0},{"not_picked":["Streamline","Consume"],"picked":"Defragment+1","floor":27.0},{"not_picked":["Turbo","Coolheaded"],"picked":"Heatsinks","floor":29.0},{"not_picked":["Darkness","Gash","Barrage"],"picked":"Singing Bowl","floor":30.0},{"not_picked":["Stack","Rebound+1","Rainbow"],"picked":"Singing Bowl","floor":31.0},{"not_picked":["Thunder Strike","Hyperbeam","Machine Learning"],"picked":"Singing Bowl","floor":33.0},{"not_picked":["Storm","Tempest","Cold Snap+1"],"picked":"Singing Bowl","floor":35.0},{"not_picked":["Genetic Algorithm","Gash"],"picked":"Undo","floor":37.0},{"not_picked":["Barrage","Aggregate"],"picked":"Reboot","floor":38.0},{"not_picked":["Steam","FTL","Ball Lightning"],"picked":"Singing Bowl","floor":42.0},{"not_picked":["Ball Lightning+1","Lockon","FTL"],"picked":"Singing Bowl","floor":44.0},{"not_picked":["Go for the Eyes+1","Conserve Battery"],"picked":"Compile Driver","floor":45.0}],"player_experience":181211,"relics_obtained":[{"floor":7.0,"key":"Tiny Chest"},{"floor":9.0,"key":"Omamori"},{"floor":10.0,"key":"Akabeko"},{"floor":13.0,"key":"WingedGreaves"},{"floor":20.0,"key":"Matryoshka"},{"floor":24.0,"key":"Letter Opener"},{"floor":26.0,"key":"Bag of Marbles"},{"floor":26.0,"key":"Singing Bowl"},{"floor":27.0,"key":"Ancient Tea Set"},{"floor":31.0,"key":"Vajra"},{"floor":41.0,"key":"Strawberry"},{"floor":42.0,"key":"Incense Burner"},{"floor":43.0,"key":"PreservedInsect"},{"floor":45.0,"key":"FossilizedHelix"},{"floor":47.0,"key":"Dream Catcher"}],"event_choices":[{"cards_removed":["Parasite"],"damage_healed":0.0,"max_hp_gain":0.0,"max_hp_loss":0.0,"gold_gain":0.0,"event_name":"The Cleric","player_choice":"Card Removal","floor":5.0,"gold_loss":75.0,"damage_taken":0.0},{"damage_healed":0.0,"max_hp_gain":0.0,"max_hp_loss":0.0,"gold_gain":150.0,"event_name":"Liars Game","player_choice":"AGREE","floor":11.0,"gold_loss":0.0,"damage_taken":0.0,"cards_obtained":["Doubt"]},{"damage_healed":22.0,"max_hp_gain":0.0,"max_hp_loss":0.0,"gold_gain":0.0,"event_name":"Big Fish","player_choice":"Banana","floor":12.0,"gold_loss":0.0,"damage_taken":0.0},{"damage_healed":0.0,"max_hp_gain":0.0,"max_hp_loss":0.0,"gold_gain":0.0,"cards_transformed":["Strike_B","Strike_B"],"event_name":"Drug Dealer","player_choice":"Became Test Subject","floor":19.0,"gold_loss":0.0,"damage_taken":0.0,"cards_obtained":["Coolheaded","Scrape"]},{"cards_removed":["Scrape"],"damage_healed":20.0,"max_hp_gain":0.0,"max_hp_loss":0.0,"gold_gain":0.0,"event_name":"Bonfire Elementals","player_choice":"Offered Uncommon","floor":22.0,"gold_loss":0.0,"damage_taken":0.0},{"damage_healed":0.0,"max_hp_gain":0.0,"max_hp_loss":0.0,"gold_gain":0.0,"event_name":"Tomb of Lord Red Mask","player_choice":"Ignored","floor":36.0,"gold_loss":0.0,"damage_taken":0.0},{"damage_healed":0.0,"max_hp_gain":0.0,"max_hp_loss":0.0,"gold_gain":0.0,"event_name":"MindBloom","player_choice":"Fight","floor":42.0,"gold_loss":0.0,"damage_taken":0.0},{"cards_removed":["Rip and Tear"],"damage_healed":0.0,"max_hp_gain":0.0,"max_hp_loss":0.0,"gold_gain":0.0,"event_name":"Falling","player_choice":"Removed Attack","floor":48.0,"gold_loss":0.0,"damage_taken":0.0}],"is_beta":false,"boss_relics":[{"not_picked":["Tiny House","Sozu"],"picked":"Philosopher\u0027s Stone"},{"not_picked":["Black Star","SlaversCollar"],"picked":"Nuclear Battery"}],"items_purged_floors":[21],"is_endless":false,"potions_floor_spawned":[1,3,13,24,29,37,44,45],"killed_by":"Awakened One","ascension_level":20}