{"gold_per_floor":[112,128,146,103,123,123,136,136,136,163,163,133,162,176,176,249,249,265,275,301,301,311,311],"floor_reached":23,"playtime":2075,"items_purged":[],"score":390,"play_id":"3ea56afb-84f5-4d58-a7f6-6e5a277e68a0","local_time":"20231014225840","is_ascension_mode":true,"campfire_choices":[{"data":"Zap","floor":6.0,"key":"SMITH"},{"floor":8.0,"key":"REST"},{"floor":15,"key":"REST"}],"neow_cost":"NONE","seed_source_timestamp":154938956561583,"circlet_count":0,"master_deck":["AscendersBane","Strike_B","Strike_B","Strike_B","Strike_B","Defend_B","Defend_B","Defend_B","Zap+1","Dualcast","Hologram","Turbo","Coolheaded","Skim","Lockon","Compile Driver","Undo","Fusion","Redo","Hologram","Echo Form","Ghostly","Ghostly","Ghostly"],"special_seed":0,"relics":["Cracked Core","Tiny Chest","Lizard Tail","Odd Mushroom","Nunchaku","Snecko Eye","Lantern"],"potions_floor_usage":[13,16,16,19,23,23],"damage_taken":[{"damage":9.0,"enemies":"Jaw Worm","floor":1.0,"turns":4.0},{"damage":0.0,"enemies":"Small Slimes","floor":2.0,"turns":3.0},{"damage":6.0,"enemies":"2 Louse","floor":3.0,"turns":3.0},{"damage":24.0,"enemies":"Exordium Thugs","floor":4.0,"turns":5.0},{"damage":17.0,"enemies":"Exordium Wildlife","floor":5.0,"turns":6.0},{"damage":11.0,"enemies":"Looter","floor":7.0,"turns":2.0},{"damage":41.0,"enemies":"The Mushroom Lair","floor":10.0,"turns":5.0},{"damage":25,"enemies":"3 Sentries","floor":13,"turns":10},{"damage":0,"enemies":"2 Fungi Beasts","floor":14,"turns":4},{"damage":17,"enemies":"Hexaghost","floor":16,"turns":10},{"damage":3,"enemies":"3 Byrds","floor":18,"turns":6},{"damage":4,"enemies":"Spheric Guardian","floor":19,"turns":6},{"damage":0,"enemies":"Snake Plant","floor":22,"turns":4},{"damage":53,"enemies":"Book of Stabbing","floor":23,"turns":6}],"seed_played":"-6594686048530278709","potions_obtained":[{"floor":3.0,"key":"EntropicBrew"},{"floor":10.0,"key":"AttackPotion"},{"floor":12,"key":"Block Potion"},{"floor":13,"key":"FocusPotion"},{"floor":16,"key":"Ancient Potion"},{"floor":18,"key":"Block Potion"},{"floor":22,"key":"Regen Potion"}],"is_trial":false,"path_per_floor":["M","M","M","M","M","R","M","R","T","?","?","?","E","M","R","B",null,"M","M","T","?","M","E"],"character_chosen":"DEFECT","basemod:card_modifiers":[null,null,null,null,null,null,null,null,null,null,null,null,null,null,null,null,null,null,null,null,null,null,null,null],"items_purchased":[],"campfire_rested":2,"item_purchase_floors":[],"current_hp_per_floor":[55,55,49,40,23,23,12,33,33,35,35,35,10,10,31,14,57,54,50,50,35,35,0],"gold":311,"neow_bonus":"RANDOM_COMMON_RELIC","is_prod":false,"is_daily":false,"chose_seed":false,"campfire_upgraded":1,"win_rate":0,"timestamp":1697338720,"path_taken":["M","M","M","M","M","R","M","R","T","?","?","?","E","M","R","BOSS","M","M","?","?","M","E"],"build_version":"2022-12-01","purchased_purges":0,"victory":false,"max_hp_per_floor":[71,71,71,71,71,71,71,71,71,71,71,71,71,71,71,71,71,71,71,71,35,35,35],"card_choices":[{"not_picked":["Barrage","Reinforced Body"],"picked":"Hologram","floor":1.0},{"not_picked":["Hologram","Scrape"],"picked":"Turbo","floor":2.0},{"not_picked":["Beam Cell","Turbo"],"picked":"Coolheaded","floor":3.0},{"not_picked":["Double Energy","Go for the Eyes"],"picked":"Skim","floor":4.0},{"not_picked":["Chaos","BootSequence"],"picked":"Lockon","floor":5.0},{"not_picked":["Barrage","Rebound"],"picked":"Compile Driver","floor":7.0},{"not_picked":["Steam","Stack"],"picked":"Undo","floor":10.0},{"not_picked":["Amplify","Auto Shields"],"picked":"Redo","floor":13},{"not_picked":["Heatsinks","Sweeping Beam"],"picked":"Hologram","floor":14},{"not_picked":["Reboot","Buffer"],"picked":"Echo Form","floor":16},{"not_picked":["Go for the Eyes","Chill","White Noise"],"picked":"SKIP","floor":18},{"not_picked":["Coolheaded","Beam Cell","Leap"],"picked":"SKIP","floor":19},{"not_picked":["Lockon","FTL+1","Stack+1"],"picked":"SKIP","floor":22}],"player_experience":174501,"relics_obtained":[{"floor":9.0,"key":"Lizard Tail"},{"floor":10.0,"key":"Odd Mushroom"},{"floor":13,"key":"Nunchaku"},{"floor":20,"key":"Lantern"}],"event_choices":[{"damage_healed":0.0,"max_hp_gain":0.0,"max_hp_loss":0.0,"gold_gain":0.0,"event_name":"Mushrooms","player_choice":"Fought Mushrooms","floor":10.0,"gold_loss":0.0,"damage_taken":0.0},{"damage_healed":0,"gold_gain":0,"cards_transformed":["Defend_B"],"player_choice":"Change","damage_taken":0,"max_hp_gain":0,"max_hp_loss":0,"event_name":"Living Wall","floor":11,"gold_loss":0,"cards_obtained":["Fusion"]},{"damage_healed":0,"gold_gain":0,"player_choice":"Bought 2 Potions","damage_taken":0,"max_hp_gain":0,"max_hp_loss":0,"event_name":"The Woman in Blue","floor":12,"gold_loss":0},{"damage_healed":0,"gold_gain":0,"player_choice":"Became a Ghost","damage_taken":0,"max_hp_gain":0,"max_hp_loss":36,"event_name":"Ghosts","floor":21,"gold_loss":0,"cards_obtained":["Ghostly","Ghostly","Ghostly"]}],"is_beta":false,"boss_relics":[{"not_picked":["Calling Bell","Black Star"],"picked":"Snecko Eye"}],"items_purged_floors":[],"is_endless":false,"potions_floor_spawned":[3,10,13,14,16,18,22],"killed_by":"Book of Stabbing","ascension_level":20}