{"gold_per_floor":[111,127,127,137,147,147,180,180,248,274,274,304,318,343,343,421,421,437,437,457,508,508,508,95,124,124,141,157,186,186,203,203,203],"floor_reached":33,"playtime":2951,"items_purged":["Zap"],"score":630,"play_id":"1cc1d744-3e24-493d-84cf-569effc8537a","local_time":"20231022114322","is_ascension_mode":true,"campfire_choices":[{"data":"Sweeping Beam","floor":6,"key":"SMITH"},{"data":"Rip and Tear","floor":8,"key":"SMITH"},{"data":"Static Discharge","floor":15,"key":"SMITH"},{"data":"Coolheaded","floor":23,"key":"SMITH"},{"data":"Turbo","floor":30,"key":"SMITH"},{"data":"Hologram","floor":32,"key":"SMITH"}],"neow_cost":"NONE","seed_source_timestamp":224234840233583,"circlet_count":0,"master_deck":["AscendersBane","Dualcast","Chaos","Coolheaded+1","Sweeping Beam+1","Conserve Battery","Rip and Tear+1","Static Discharge+1","Hyperbeam","Capacitor","Electrodynamics","Tempest+1","Hologram+1","Hello World","Coolheaded","Chill+1","Amplify","Hologram","Capacitor","Undo","Steam","Conserve Battery","Doom and Gloom","Turbo+1","Reprogram","Multi-Cast","Self Repair","Glacier"],"special_seed":0,"relics":["Cracked Core","Strawberry","Lizard Tail","Meat on the Bone","Tiny Chest","Ancient Tea Set","Happy Flower","Pandora\u0027s Box","War Paint","Orrery","Toy Ornithopter","Akabeko","Blood Vial"],"potions_floor_usage":[5,7,7,16,16,25,27,29],"damage_taken":[{"damage":4.0,"enemies":"2 Louse","floor":1.0,"turns":3.0},{"damage":7.0,"enemies":"Cultist","floor":2.0,"turns":4.0},{"damage":8,"enemies":"Small Slimes","floor":4,"turns":4},{"damage":0,"enemies":"Gremlin Gang","floor":5,"turns":1},{"damage":12,"enemies":"3 Sentries","floor":7,"turns":8},{"damage":15,"enemies":"Lagavulin","floor":10,"turns":7},{"damage":38,"enemies":"3 Sentries","floor":12,"turns":5},{"damage":23,"enemies":"Lots of Slimes","floor":13,"turns":3},{"damage":35,"enemies":"Gremlin Nob","floor":14,"turns":4},{"damage":11,"enemies":"Hexaghost","floor":16,"turns":6},{"damage":6,"enemies":"Chosen","floor":18,"turns":4},{"damage":8,"enemies":"Spheric Guardian","floor":20,"turns":4},{"damage":34,"enemies":"Book of Stabbing","floor":25,"turns":5},{"damage":24,"enemies":"Snecko","floor":27,"turns":6},{"damage":36,"enemies":"Shelled Parasite and Fungi","floor":28,"turns":5},{"damage":25,"enemies":"Gremlin Leader","floor":29,"turns":4},{"damage":28,"enemies":"Snake Plant","floor":31,"turns":5},{"damage":63,"enemies":"Champ","floor":33,"turns":19}],"seed_played":"-5775381618264052598","potions_obtained":[{"floor":2.0,"key":"Explosive Potion"},{"floor":4,"key":"SteroidPotion"},{"floor":5,"key":"EssenceOfSteel"},{"floor":13,"key":"DuplicationPotion"},{"floor":14,"key":"Swift Potion"},{"floor":16,"key":"Explosive Potion"},{"floor":18,"key":"EssenceOfSteel"},{"floor":20,"key":"Energy Potion"},{"floor":25,"key":"Regen Potion"}],"is_trial":false,"path_per_floor":["M","M","?","M","M","R","E","R","T","E","?","E","M","E","R","B",null,"M","?","M","T","?","R","$","E","T","M","M","E","R","M","R","B"],"character_chosen":"DEFECT","basemod:card_modifiers":[null,null,null,null,null,null,null,null,null,null,null,null,null,null,null,null,null,null,null,null,null,null,null,null,null,null,null,null],"items_purchased":["Orrery","Toy Ornithopter"],"campfire_rested":0,"item_purchase_floors":[24,24],"current_hp_per_floor":[67,60,60,52,52,52,40,40,40,37,88,50,39,16,16,17,70,64,64,56,56,56,56,56,39,39,47,23,15,15,55,55,0],"gold":203,"neow_bonus":"RANDOM_COMMON_RELIC","is_prod":false,"is_daily":false,"chose_seed":false,"campfire_upgraded":6,"win_rate":0,"timestamp":1697989402,"path_taken":["M","M","?","?","M","R","E","R","T","E","?","E","M","E","R","BOSS","M","?","?","?","?","R","$","E","T","M","M","E","R","?","R","BOSS"],"build_version":"2022-12-01","purchased_purges":1,"victory":false,"max_hp_per_floor":[78,78,78,78,78,78,78,78,78,78,88,88,88,88,88,88,88,88,88,88,88,88,88,88,88,88,88,88,88,88,88,88,88],"card_choices":[{"not_picked":["Leap","Coolheaded"],"picked":"Chaos","floor":1.0},{"not_picked":["Sunder","Sweeping Beam"],"picked":"Coolheaded","floor":2.0},{"not_picked":["Force Field","Hologram"],"picked":"Sweeping Beam","floor":4},{"not_picked":["Auto Shields","Steam"],"picked":"Conserve Battery","floor":5},{"not_picked":["Chill","Fission"],"picked":"Rip and Tear","floor":7},{"not_picked":["Beam Cell","Gash"],"picked":"Static Discharge","floor":10},{"not_picked":["Hologram","Cold Snap","Go for the Eyes"],"picked":"SKIP","floor":12},{"not_picked":["Gash","Fusion","Redo"],"picked":"SKIP","floor":13},{"not_picked":["Conserve Battery","Reboot"],"picked":"Hyperbeam","floor":14},{"not_picked":["Barrage","Hologram"],"picked":"Chill","floor":18},{"not_picked":["Gash","Rip and Tear"],"picked":"Hologram","floor":20},{"not_picked":["BootSequence","Skim"],"picked":"Undo","floor":24},{"not_picked":["Scrape","Storm"],"picked":"Steam","floor":24},{"not_picked":["Reinforced Body","Streamline"],"picked":"Conserve Battery","floor":24},{"not_picked":["Double Energy","Coolheaded"],"picked":"Doom and Gloom","floor":24},{"not_picked":["Doom and Gloom","Beam Cell"],"picked":"Turbo","floor":25},{"not_picked":["Turbo+1","Steam"],"picked":"Reprogram","floor":27},{"not_picked":["Lockon","Redo"],"picked":"Multi-Cast","floor":28},{"not_picked":["Storm+1","Turbo+1"],"picked":"Self Repair","floor":29},{"not_picked":["Streamline","Gash"],"picked":"Glacier","floor":31}],"player_experience":196083,"relics_obtained":[{"floor":7,"key":"Lizard Tail"},{"floor":9,"key":"Meat on the Bone"},{"floor":10,"key":"Tiny Chest"},{"floor":12,"key":"Ancient Tea Set"},{"floor":14,"key":"Happy Flower"},{"floor":21,"key":"War Paint"},{"floor":25,"key":"Akabeko"},{"floor":29,"key":"Blood Vial"}],"event_choices":[{"damage_healed":0.0,"max_hp_gain":0.0,"max_hp_loss":0.0,"gold_gain":0.0,"cards_transformed":["Defend_B"],"event_name":"Transmorgrifier","player_choice":"Transformed","floor":3.0,"gold_loss":0.0,"damage_taken":0.0,"cards_obtained":["Machine Learning"]},{"cards_removed":["Machine Learning"],"damage_healed":41,"gold_gain":0,"player_choice":"Offered Rare","damage_taken":0,"max_hp_gain":10,"max_hp_loss":0,"event_name":"Bonfire Elementals","floor":11,"gold_loss":0},{"damage_healed":0,"gold_gain":0,"cards_transformed":["Storm"],"player_choice":"Transformed","damage_taken":0,"max_hp_gain":0,"max_hp_loss":0,"event_name":"Transmorgrifier","floor":19,"gold_loss":0,"cards_obtained":["Amplify"]},{"damage_healed":0,"gold_gain":0,"player_choice":"Copied","damage_taken":0,"max_hp_gain":0,"max_hp_loss":0,"event_name":"Duplicator","floor":22,"gold_loss":0,"cards_obtained":["Capacitor"]}],"is_beta":false,"boss_relics":[{"not_picked":["Empty Cage","Tiny House"],"picked":"Pandora\u0027s Box"}],"items_purged_floors":[24],"is_endless":false,"potions_floor_spawned":[2,4,5,13,14,16,18,20,25],"killed_by":"Champ","ascension_level":20}