{"neow_bonuses_skipped_log":["THREE_ENEMY_KILL"],"potions_obtained_entropic_brew":[[],[],[],[],[],[],[],[],[],[],[],[],[],[],[],[]],"neow_costs_skipped_log":["NONE"],"gold_per_floor":[117,134,148,160,46,46,62,62,108,143,143,143,143,168,168,168],"floor_reached":16,"playtime":1042,"items_purged":[],"score":220,"play_id":"9db8e684-fc28-442c-9404-ea136790659e","local_time":"20231128110009","score_breakdown":["Floors Climbed (16): 80","Enemies Slain (5): 10","Exordium Elites Killed (2): 20","Bosses Slain (0): 0","Ascension (20): 110"],"is_ascension_mode":true,"potions_obtained_alchemize":[[],[],[],[],[],[],[],[],[],[],[],[],[],[],[],[]],"campfire_choices":[{"data":"Doom and Gloom","floor":6,"key":"SMITH"},{"data":"Zap","floor":8,"key":"SMITH"},{"floor":13,"key":"REST"},{"data":"Sweeping Beam","floor":15,"key":"SMITH"}],"lesson_learned_per_floor":[[],[],[],[],[],[],[],[],[],[],[],[],[],[],[],[]],"neow_cost":"NONE","improvable_cards":{"Genetic Algorithm":[9]},"seed_source_timestamp":362287375770084,"shop_contents":[{"floor":5,"relics":["HornCleat","Juzu Bracelet","PrismaticShard"],"cards":["Turbo","Tempest","Heatsinks","Trip","Mayhem"],"potions":["SpeedPotion","Energy Potion","BlessingOfTheForge"]}],"circlet_count":0,"master_deck":["AscendersBane","Strike_B","Strike_B","Strike_B","Strike_B","Defend_B","Defend_B","Defend_B","Zap+1","Dualcast","Sweeping Beam+1","Undo","Genetic Algorithm","Sweeping Beam","Doom and Gloom+1","Go for the Eyes","Reboot"],"special_seed":0,"potion_use_per_floor":[[],[],[],[],[],[],[],[],[],["BlessingOfTheForge"],[],[],[],["FearPotion","Explosive Potion"],[],[]],"relics":["Cracked Core","Singing Bowl","Smiling Mask"],"potions_floor_usage":[10,14,14],"damage_taken":[{"damage":2.0,"enemies":"2 Louse","floor":1.0,"turns":3.0},{"damage":7.0,"enemies":"Jaw Worm","floor":2.0,"turns":3.0},{"damage":0.0,"enemies":"Cultist","floor":3.0,"turns":4.0},{"damage":4.0,"enemies":"2 Fungi Beasts","floor":4.0,"turns":3.0},{"damage":4,"enemies":"Blue Slaver","floor":7,"turns":4},{"damage":23,"enemies":"Lagavulin","floor":10,"turns":7},{"damage":8,"enemies":"Gremlin Nob","floor":14,"turns":3},{"damage":48,"enemies":"Slime Boss","floor":16,"turns":8}],"green_key_taken_log":10,"seed_played":"24580471354109962","neow_bonus_log":{"cardsObtained":[],"cardsUpgraded":[],"cardsRemoved":[],"cardsTransformed":[],"relicsObtained":[],"maxHpGained":7,"goldGained":0,"damageTaken":0,"goldLost":0,"maxHpLost":0},"potions_obtained":[{"floor":1.0,"key":"SkillPotion"},{"floor":4.0,"key":"FearPotion"},{"floor":7,"key":"BlessingOfTheForge"},{"floor":10,"key":"Explosive Potion"}],"is_trial":false,"path_per_floor":["M","M","M","M","$","R","M","R","T","E","?","?","R","E","R","B"],"character_chosen":"DEFECT","basemod:card_modifiers":[null,null,null,null,null,null,null,null,null,null,null,null,null,null,null,null,null],"items_purchased":["Doom and Gloom","Go for the Eyes"],"campfire_rested":1,"item_purchase_floors":[5,5],"current_hp_per_floor":[69,62,62,58,58,58,54,54,54,33,26,26,50,42,42,0],"gold":168,"neow_bonus":"TEN_PERCENT_HP_BONUS","is_prod":false,"is_daily":false,"rewards_skipped":[],"chose_seed":false,"campfire_upgraded":3,"win_rate":0,"floor_exit_playtime":[95,138,179,238,299,327,388,396,402,632,643,653,665,875,906],"timestamp":1701187209,"blue_key_relic_skipped_log":{"floor":9,"relicID":"Dream Catcher"},"path_taken":["M","M","M","M","$","R","M","R","T","E","?","?","R","E","R","BOSS"],"build_version":"2022-12-01","purchased_purges":0,"victory":false,"max_hp_per_floor":[78,78,78,78,78,78,78,78,78,80,80,80,80,80,80,80],"relic_stats":{"Singing Bowl":2,"counters":[8,35],"Smiling Mask":0,"obtain_stats":[{"Singing Bowl":10,"Cracked Core":0,"Smiling Mask":14},{"Singing Bowl":6,"Cracked Core":0,"Smiling Mask":7},{"Singing Bowl":24,"Cracked Core":0,"Smiling Mask":27}]},"card_choices":[{"not_picked":["Chaos","Undo"],"picked":"Sweeping Beam","floor":1.0},{"not_picked":["Barrage","Compile Driver"],"picked":"Undo","floor":2.0},{"not_picked":["Fusion","Blizzard"],"picked":"Genetic Algorithm","floor":3.0},{"not_picked":["Hologram","Beam Cell"],"picked":"Sweeping Beam","floor":4.0},{"not_picked":["Redo","Turbo","Auto Shields"],"picked":"SKIP","floor":7},{"not_picked":["Aggregate","Glacier","Conserve Battery"],"picked":"Singing Bowl","floor":10},{"not_picked":["Aggregate","Multi-Cast"],"picked":"Reboot","floor":14}],"player_experience":85997,"relics_obtained":[{"floor":10,"key":"Singing Bowl"},{"floor":14,"key":"Smiling Mask"}],"event_choices":[{"cards_removed":["Defend_B"],"damage_healed":0,"gold_gain":0,"player_choice":"Card Removal","damage_taken":7,"max_hp_gain":0,"max_hp_loss":0,"event_name":"Golden Wing","floor":11,"gold_loss":0},{"damage_healed":0,"gold_gain":0,"player_choice":"Ignored","damage_taken":0,"max_hp_gain":0,"max_hp_loss":0,"event_name":"Liars Game","floor":12,"gold_loss":0}],"is_beta":false,"boss_relics":[],"items_purged_floors":[],"is_endless":false,"potions_floor_spawned":[1,4,7,10],"killed_by":"Slime Boss","ascension_level":20,"potion_discard_per_floor":[[],[],[],[],[],[],["SkillPotion"],[],[],[],[],[],[],[],[],[]]}