{"neow_bonuses_skipped_log":["UPGRADE_CARD","THREE_ENEMY_KILL","BOSS_RELIC"],"potions_obtained_entropic_brew":[[],[],[],[],[],[],[],[],[],[],[]],"neow_costs_skipped_log":["NONE","NONE","NONE"],"gold_per_floor":[115,126,137,62,62,62,62,93,93,243,243],"floor_reached":11,"playtime":824,"items_purged":[],"score":142,"play_id":"f8e42be7-bba1-4744-be61-361f5e437ef7","local_time":"20231128104208","score_breakdown":["Floors Climbed (11): 55","Enemies Slain (3): 6","Exordium Elites Killed (1): 10","Bosses Slain (0): 0","Ascension (20): 71"],"is_ascension_mode":true,"potions_obtained_alchemize":[[],[],[],[],[],[],[],[],[],[],[]],"campfire_choices":[{"data":"Chaos","floor":6.0,"key":"SMITH"}],"lesson_learned_per_floor":[[],[],[],[],[],[],[],[],[],[],[]],"neow_cost":"CURSE","improvable_cards":{},"seed_source_timestamp":361386350260667,"shop_contents":[],"circlet_count":0,"master_deck":["AscendersBane","Strike_B","Strike_B","Strike_B","Strike_B","Defend_B","Defend_B","Defend_B","Defend_B","Zap","Dualcast","Fission+1","Chaos+1","Coolheaded","Undo","Glacier","Doubt"],"special_seed":0,"potion_use_per_floor":[[],[],[],[],[],[],[],[],[],[],["FearPotion"]],"relics":["Cracked Core","Cables","Frozen Egg 2","Pear"],"potions_floor_usage":[11],"damage_taken":[{"damage":7.0,"enemies":"Small Slimes","floor":1.0,"turns":4.0},{"damage":14.0,"enemies":"Jaw Worm","floor":2.0,"turns":4.0},{"damage":5.0,"enemies":"Cultist","floor":3.0,"turns":4.0},{"damage":8.0,"enemies":"3 Sentries","floor":8.0,"turns":8.0},{"damage":40,"enemies":"Gremlin Nob","floor":11,"turns":3}],"seed_played":"2079406134899986142","neow_bonus_log":{"cardsObtained":["Pain"],"cardsUpgraded":[],"cardsRemoved":[],"cardsTransformed":[],"relicsObtained":[],"maxHpGained":0,"goldGained":0,"damageTaken":0,"goldLost":0,"maxHpLost":0},"potions_obtained":[{"floor":1.0,"key":"FearPotion"}],"is_trial":false,"path_per_floor":["M","M","M","?","T","R","?","E","T","?","E"],"character_chosen":"DEFECT","basemod:card_modifiers":[null,null,null,null,null,null,null,null,null,null,null,null,null,null,null,null,null],"items_purchased":[],"campfire_rested":0,"item_purchase_floors":[],"current_hp_per_floor":[57,43,38,38,38,38,38,30,40,40,0],"gold":243,"neow_bonus":"THREE_RARE_CARDS","is_prod":false,"is_daily":false,"rewards_skipped":[],"chose_seed":false,"campfire_upgraded":1,"win_rate":1,"floor_exit_playtime":[389,450,495,504,511,566,581,739,765,776],"timestamp":1701186128,"path_taken":["M","M","M","?","?","R","?","E","T","?","E"],"build_version":"2022-12-01","purchased_purges":0,"victory":false,"max_hp_per_floor":[71,71,71,71,71,71,71,71,81,81,81],"relic_stats":{"counters":[5,23],"obtain_stats":[{"Pear":9,"Frozen Egg 2":8,"Cracked Core":0,"Cables":5},{"Pear":4,"Frozen Egg 2":4,"Cracked Core":0,"Cables":3},{"Pear":20,"Frozen Egg 2":20,"Cracked Core":0,"Cables":12}],"Cables":[10,2,8,0,0]},"card_choices":[{"not_picked":["Machine Learning","Thunder Strike"],"picked":"Fission","floor":0.0},{"not_picked":["Compile Driver","Beam Cell"],"picked":"Chaos","floor":1.0},{"not_picked":["Leap","Barrage"],"picked":"Coolheaded","floor":2.0},{"not_picked":["Gash","Redo"],"picked":"Undo","floor":3.0},{"not_picked":["Gash","Reinforced Body"],"picked":"Glacier","floor":8.0}],"player_experience":85173,"relics_obtained":[{"floor":5.0,"key":"Cables"},{"floor":8.0,"key":"Frozen Egg 2"},{"floor":9.0,"key":"Pear"}],"event_choices":[{"cards_removed":["Pain"],"damage_healed":0.0,"max_hp_gain":0.0,"max_hp_loss":0.0,"gold_gain":0.0,"event_name":"The Cleric","player_choice":"Card Removal","floor":4.0,"gold_loss":75.0,"damage_taken":0.0},{"damage_healed":0.0,"max_hp_gain":0.0,"max_hp_loss":0.0,"gold_gain":0.0,"event_name":"Living Wall","player_choice":"Grow","floor":7.0,"gold_loss":0.0,"damage_taken":0.0,"cards_upgraded":["Fission"]},{"damage_healed":0.0,"max_hp_gain":0.0,"max_hp_loss":0.0,"gold_gain":150.0,"event_name":"Liars Game","player_choice":"AGREE","floor":10.0,"gold_loss":0.0,"damage_taken":0.0,"cards_obtained":["Doubt"]}],"is_beta":false,"boss_relics":[],"items_purged_floors":[],"is_endless":false,"potions_floor_spawned":[1],"killed_by":"Gremlin Nob","ascension_level":20,"potion_discard_per_floor":[[],[],[],[],[],[],[],[],[],[],[]]}