{"neow_bonuses_skipped_log":["TRANSFORM_CARD","THREE_SMALL_POTIONS","BOSS_RELIC"],"potions_obtained_entropic_brew":[[],[],[],[],[],[],[],[],[],[],[]],"neow_costs_skipped_log":["NONE","NONE","NONE"],"gold_per_floor":[14,31,31,45,56,26,26,42,342,360,360],"floor_reached":11,"playtime":572,"items_purged":[],"score":134,"play_id":"d3fd5233-c2d2-40d9-8d66-22ca9123d405","local_time":"20231215120632","score_breakdown":["Floors Climbed (11): 55","Enemies Slain (6): 12","Exordium Elites Killed (0): 0","Bosses Slain (0): 0","Ascension (20): 67"],"is_ascension_mode":true,"potions_obtained_alchemize":[[],[],[],[],[],[],[],[],[],[],[]],"campfire_choices":[{"data":"Buffer","floor":7,"key":"SMITH"}],"lesson_learned_per_floor":[[],[],[],[],[],[],[],[],[],[],[]],"neow_cost":"NO_GOLD","improvable_cards":{},"seed_source_timestamp":191882419061416,"shop_contents":[{"floor":6,"relics":["Ginger","Potion Belt","Strange Spoon"],"cards":["Go for the Eyes","Aggregate","Coolheaded","Hello World","Enlightenment","Master of Strategy"],"potions":["AttackPotion","ColorlessPotion","SmokeBomb"]}],"circlet_count":0,"master_deck":["AscendersBane","Strike_B","Strike_B","Strike_B","Strike_B","Defend_B","Defend_B","Defend_B","Defend_B","Zap","Dualcast","Violence","White Noise","Buffer+1","Melter","Rebound","Defragment","Gash"],"potion_use_per_floor":[[],[],[],[],[],[],[],[],[],["DistilledChaos","LiquidMemories"],[]],"relics":["Cracked Core","Old Coin"],"potions_floor_usage":[10,10],"damage_taken":[{"damage":8,"enemies":"2 Louse","floor":1,"turns":2},{"damage":12,"enemies":"Small Slimes","floor":2,"turns":3},{"damage":4,"enemies":"Jaw Worm","floor":4,"turns":4},{"damage":28,"enemies":"Lots of Slimes","floor":5,"turns":5},{"damage":0,"enemies":"Blue Slaver","floor":8,"turns":4},{"damage":10,"enemies":"Exordium Thugs","floor":10,"turns":5},{"damage":14,"enemies":"Gremlin Nob","floor":11,"turns":2}],"seed_played":"1842443224770153454","neow_bonus_log":{"cardsObtained":[],"cardsUpgraded":[],"cardsRemoved":[],"cardsTransformed":[],"relicsObtained":[],"maxHpGained":0,"goldGained":0,"damageTaken":0,"goldLost":99,"maxHpLost":0},"potions_obtained":[{"floor":1,"key":"LiquidMemories"},{"floor":8,"key":"DistilledChaos"}],"is_trial":false,"path_per_floor":["M","M","?","M","M","$","R","M","T","M","E"],"character_chosen":"DEFECT","basemod:card_modifiers":[null,null,null,null,null,null,null,null,null,null,null,null,null,null,null,null,null,null],"items_purchased":["Rebound"],"campfire_rested":0,"item_purchase_floors":[6],"current_hp_per_floor":[56,44,44,40,12,12,12,12,12,2,0],"gold":360,"neow_bonus":"RANDOM_COLORLESS_2","is_prod":false,"is_daily":false,"rewards_skipped":[],"chose_seed":false,"campfire_upgraded":1,"win_rate":0,"floor_exit_playtime":[209,258,263,320,402,409,425,469,474,556],"timestamp":1702659992,"path_taken":["M","M","?","M","M","?","R","?","T","M","E"],"build_version":"2022-12-01","purchased_purges":0,"victory":false,"max_hp_per_floor":[71,71,71,71,71,71,71,71,71,71,71],"relic_stats":{"counters":[7,25],"obtain_stats":[{"Cracked Core":0,"Old Coin":9},{"Cracked Core":0,"Old Coin":5},{"Cracked Core":0,"Old Coin":18}]},"card_choices":[{"not_picked":["Transmutation","Chrysalis"],"picked":"Violence","floor":0},{"not_picked":["Beam Cell","Conserve Battery"],"picked":"White Noise","floor":1},{"not_picked":["Barrage","Capacitor"],"picked":"Buffer","floor":2},{"not_picked":["Reprogram","Turbo"],"picked":"Melter","floor":4},{"not_picked":["Conserve Battery","Steam","Steam Power"],"picked":"SKIP","floor":5},{"not_picked":["Sunder","Redo"],"picked":"Defragment","floor":8},{"not_picked":["Stack","Hologram"],"picked":"Gash","floor":10}],"player_experience":48745,"relics_obtained":[{"floor":9,"key":"Old Coin"}],"event_choices":[{"damage_healed":0,"gold_gain":0,"player_choice":"Ignored","damage_taken":0,"max_hp_gain":0,"max_hp_loss":0,"event_name":"Liars Game","floor":3,"gold_loss":0}],"is_beta":false,"boss_relics":[],"items_purged_floors":[],"is_endless":false,"potions_floor_spawned":[1,8],"killed_by":"Gremlin Nob","ascension_level":20,"potion_discard_per_floor":[[],[],[],[],[],[],[],[],[],[],[]]}