{"neow_bonuses_skipped_log":["THREE_SMALL_POTIONS","TWENTY_PERCENT_HP_BONUS","BOSS_RELIC"],"neow_costs_skipped_log":["NONE","NO_GOLD","NONE"],"potions_obtained_entropic_brew":[[],[],[],[],[],[],[],[],[],[],[],[],[],[],[],[],[],[],[],[],[],[],[],[],[],[],[],[],[],[],[],[],[]],"gold_per_floor":[113,129,129,141,151,151,169,197,223,238,254,282,282,310,310,383,383,397,397,124,176,176,187,222,222,222,252,252,272,299,311,311,311],"floor_reached":33,"playtime":2950,"items_purged":["Strike_B"],"score":754,"play_id":"cebd5faf-e258-4f87-afae-c8d95fb461e3","local_time":"20231209014733","score_breakdown":["Floors Climbed (33): 165","Enemies Slain (11): 22","Exordium Elites Killed (3): 30","City Elites Killed (3): 60","Bosses Slain (1): 50","Champion (2): 50","Ascension (20): 377"],"is_ascension_mode":true,"potions_obtained_alchemize":[[],[],[],[],[],[],[],[],[],[],[],[],[],[],[],[],[],[],[],[],[],[],[],[],[],[],[],[],[],[],[],[],[]],"campfire_choices":[{"data":"Zap","floor":6.0,"key":"SMITH"},{"floor":13.0,"key":"REST"},{"data":"Defragment","floor":15.0,"key":"SMITH"},{"data":"Coolheaded","floor":25.0,"key":"SMITH"},{"data":"Skim","floor":28.0,"key":"SMITH"},{"data":"Ghostly","floor":32,"key":"SMITH"}],"lesson_learned_per_floor":[[],[],[],[],[],[],[],[],[],[],[],[],[],[],[],[],[],[],[],[],[],[],[],[],[],[],[],[],[],[],[],[],[]],"neow_cost":"NONE","improvable_cards":{},"seed_source_timestamp":244495281929500,"shop_contents":[{"floor":20,"relics":["Bottled Lightning","HandDrill"],"cards":["Sweeping Beam","Redo","Steam","Static Discharge","Swift Strike","Thinking Ahead"],"potions":["Block Potion","Fire Potion","SmokeBomb"]}],"circlet_count":0,"master_deck":["AscendersBane","Strike_B","Strike_B","Strike_B","Defend_B","Defend_B","Defend_B","Defend_B","Zap+1","Dualcast","Dramatic Entrance","Loop","Rebound","Echo Form","Go for the Eyes","Gash","Gash","Aggregate","Compile Driver","Defragment+1","Gash","Steam","All For One","Beam Cell","Coolheaded+1","Compile Driver","Ghostly","Ghostly","Ghostly+1","Coolheaded","Skim+1","Glacier","Skim+1"],"special_seed":0,"potion_use_per_floor":[[],[],[],[],[],[],[],[],[],[],[],["FairyPotion"],[],[],[],[],[],["Fire Potion"],[],[],[],[],[],[],[],[],[],[],[],[],[],[],["Explosive Potion","PowerPotion"]],"relics":["Cracked Core","Bag of Preparation","Lantern","Centennial Puzzle","DataDisk","Philosopher\u0027s Stone","Happy Flower","Akabeko","Gambling Chip","Meat on the Bone","Anchor","Strawberry"],"potions_floor_usage":[33,33],"damage_taken":[{"damage":7.0,"enemies":"Jaw Worm","floor":1.0,"turns":2.0},{"damage":1.0,"enemies":"Cultist","floor":2.0,"turns":3.0},{"damage":0.0,"enemies":"2 Louse","floor":4.0,"turns":2.0},{"damage":8.0,"enemies":"Looter","floor":5.0,"turns":2.0},{"damage":6.0,"enemies":"Exordium Thugs","floor":7.0,"turns":4.0},{"damage":31.0,"enemies":"Gremlin Nob","floor":8.0,"turns":4.0},{"damage":0.0,"enemies":"Lots of Slimes","floor":10.0,"turns":2.0},{"damage":1.0,"enemies":"2 Fungi Beasts","floor":11.0,"turns":2.0},{"damage":20.0,"enemies":"Lagavulin","floor":12.0,"turns":5.0},{"damage":11.0,"enemies":"Gremlin Nob","floor":14.0,"turns":3.0},{"damage":25.0,"enemies":"Hexaghost","floor":16.0,"turns":8.0},{"damage":7.0,"enemies":"2 Thieves","floor":18.0,"turns":3.0},{"damage":1.0,"enemies":"Chosen","floor":23.0,"turns":5.0},{"damage":0.0,"enemies":"Gremlin Leader","floor":24.0,"turns":4.0},{"damage":3.0,"enemies":"Slavers","floor":27.0,"turns":5.0},{"damage":0.0,"enemies":"3 Cultists","floor":29.0,"turns":4.0},{"damage":0,"enemies":"Gremlin Leader","floor":30,"turns":5},{"damage":0,"enemies":"Chosen and Byrds","floor":31,"turns":4},{"damage":44,"enemies":"Automaton","floor":33,"turns":8}],"seed_played":"-7300848586549754633","neow_bonus_log":{"cardsObtained":[],"cardsUpgraded":[],"cardsRemoved":[],"cardsTransformed":[],"relicsObtained":[],"maxHpGained":0,"goldGained":0,"damageTaken":0,"goldLost":0,"maxHpLost":0},"potions_obtained":[{"floor":1.0,"key":"SneckoOil"},{"floor":7.0,"key":"FairyPotion"},{"floor":10.0,"key":"SpeedPotion"},{"floor":12.0,"key":"Ancient Potion"},{"floor":14.0,"key":"Fire Potion"},{"floor":18.0,"key":"PowerPotion"},{"floor":23.0,"key":"Explosive Potion"}],"is_trial":false,"path_per_floor":["M","M","?","M","M","R","M","E","T","M","M","E","R","E","R","B",null,"M","?","$","T","?","M","E","R","T","E","R","M","E","M","R","B"],"character_chosen":"DEFECT","basemod:card_modifiers":[null,null,null,null,null,null,null,null,null,null,null,null,null,null,null,null,null,null,null,null,null,null,null,null,null,null,null,null,null,null,null,null,null],"items_purchased":["Compile Driver","Happy Flower"],"campfire_rested":1,"item_purchase_floors":[20,20],"current_hp_per_floor":[57,56,56,56,48,48,42,11,11,11,10,16,37,26,26,1,54,47,47,47,47,35,34,34,34,34,31,31,31,38,38,38,0],"gold":311,"neow_bonus":"RANDOM_COLORLESS","is_prod":false,"is_daily":false,"rewards_skipped":[{"floor":31,"relics":[],"potions":["Explosive Potion"]}],"chose_seed":false,"campfire_upgraded":5,"win_rate":0,"floor_exit_playtime":[398,445,464,498,570,599,687,795,803,852,942,1071,1088,1215,1230,1355,1383,1452,1494,1603,1608,1631,1744,1845,1868,1871,2002,2021,2173,2293,2435,2442],"timestamp":1702104453,"path_taken":["M","M","?","M","M","R","M","E","T","M","M","E","R","E","R","BOSS","M","?","$","?","?","?","E","R","T","E","R","M","E","M","R","BOSS"],"build_version":"2022-12-01","purchased_purges":1,"victory":false,"max_hp_per_floor":[71,71,71,71,71,71,71,71,71,71,71,71,71,71,71,71,71,71,71,71,71,35,35,35,35,35,35,35,35,42,42,42,42],"relic_stats":{"Centennial Puzzle":[18],"Happy Flower":[11],"counters":[19,75],"Gambling Chip":[16],"Bag of Preparation":[26],"obtain_stats":[{"Lantern":9,"Centennial Puzzle":12,"DataDisk":14,"Anchor":27,"Happy Flower":20,"Gambling Chip":24,"Strawberry":30,"Philosopher\u0027s Stone":17,"Bag of Preparation":8,"Cracked Core":0,"Akabeko":21,"Meat on the Bone":26},{"Lantern":6,"Centennial Puzzle":9,"DataDisk":10,"Anchor":15,"Happy Flower":12,"Gambling Chip":14,"Strawberry":17,"Philosopher\u0027s Stone":11,"Bag of Preparation":6,"Cracked Core":0,"Akabeko":12,"Meat on the Bone":14},{"Lantern":17,"Centennial Puzzle":26,"DataDisk":29,"Anchor":54,"Happy Flower":40,"Gambling Chip":49,"Strawberry":63,"Philosopher\u0027s Stone":37,"Bag of Preparation":17,"Cracked Core":0,"Akabeko":40,"Meat on the Bone":49}],"Meat on the Bone":0},"card_choices":[{"not_picked":["Jack Of All Trades","Dark Shackles"],"picked":"Dramatic Entrance","floor":0.0},{"not_picked":["Conserve Battery","Leap"],"picked":"Loop","floor":1.0},{"not_picked":["Recycle","FTL"],"picked":"Rebound","floor":2.0},{"not_picked":["Leap","Heatsinks"],"picked":"Go for the Eyes","floor":4.0},{"not_picked":["Force Field","Turbo"],"picked":"Gash","floor":5.0},{"not_picked":["Genetic Algorithm","Redo"],"picked":"Gash","floor":7.0},{"not_picked":["Thunder Strike","Static Discharge"],"picked":"Aggregate","floor":8.0},{"not_picked":["Conserve Battery","Stack"],"picked":"Compile Driver","floor":10.0},{"not_picked":["Ball Lightning","Beam Cell"],"picked":"Defragment","floor":11.0},{"not_picked":["Defragment","Compile Driver"],"picked":"Gash","floor":12.0},{"not_picked":["Rip and Tear","Ball Lightning"],"picked":"Steam","floor":14.0},{"not_picked":["Creative AI","Rainbow"],"picked":"All For One","floor":16.0},{"not_picked":["Leap+1","Gash"],"picked":"Beam Cell","floor":18.0},{"not_picked":["Fusion","Chill","Steam Power","Sweeping Beam","Hologram","Storm","Streamline","Tempest","Turbo","Aggregate","Rebound","Go for the Eyes","Gash","Beam Cell","Steam","Compile Driver","Ball Lightning","Melter","Barrage"],"picked":"Coolheaded","floor":19.0},{"not_picked":["Darkness","Redo","Barrage"],"picked":"SKIP","floor":23.0},{"not_picked":["Aggregate+1","Sunder"],"picked":"Coolheaded","floor":24.0},{"not_picked":["Turbo","Streamline"],"picked":"Skim","floor":27.0},{"not_picked":["Go for the Eyes","Steam Power","Sweeping Beam"],"picked":"SKIP","floor":29.0},{"not_picked":["Barrage","Ball Lightning"],"picked":"Glacier","floor":30},{"not_picked":["Rainbow","Storm"],"picked":"Skim+1","floor":31}],"player_experience":92331,"relics_obtained":[{"floor":8.0,"key":"Bag of Preparation"},{"floor":9.0,"key":"Lantern"},{"floor":12.0,"key":"Centennial Puzzle"},{"floor":14.0,"key":"DataDisk"},{"floor":21.0,"key":"Akabeko"},{"floor":24.0,"key":"Gambling Chip"},{"floor":26.0,"key":"Meat on the Bone"},{"floor":27.0,"key":"Anchor"},{"floor":30,"key":"Strawberry"}],"event_choices":[{"damage_healed":0.0,"max_hp_gain":0.0,"max_hp_loss":0.0,"gold_gain":0.0,"event_name":"Match and Keep!","player_choice":"1 cards matched","floor":3.0,"gold_loss":0.0,"damage_taken":0.0,"cards_obtained":["Echo Form"]},{"damage_healed":0.0,"max_hp_gain":0.0,"max_hp_loss":0.0,"gold_gain":0.0,"event_name":"The Library","player_choice":"Read","floor":19.0,"gold_loss":0.0,"damage_taken":0.0,"cards_obtained":["Coolheaded"]},{"damage_healed":0.0,"max_hp_gain":0.0,"max_hp_loss":36.0,"gold_gain":0.0,"event_name":"Ghosts","player_choice":"Became a Ghost","floor":22.0,"gold_loss":0.0,"damage_taken":0.0,"cards_obtained":["Ghostly","Ghostly","Ghostly"]}],"is_beta":false,"boss_relics":[{"not_picked":["FrozenCore","Inserter"],"picked":"Philosopher\u0027s Stone"}],"items_purged_floors":[20],"is_endless":false,"potions_floor_spawned":[1,7,10,12,14,18,23,31],"killed_by":"Automaton","ascension_level":20,"potion_discard_per_floor":[[],[],[],[],[],[],[],[],[],["SneckoOil"],[],[],[],["SpeedPotion"],[],[],[],[],[],[],[],[],["Ancient Potion"],[],[],[],[],[],[],[],[],[],[]]}