{"neow_bonuses_skipped_log":["REMOVE_CARD","ONE_RARE_RELIC","BOSS_RELIC"],"potions_obtained_entropic_brew":[[],[],[],[],[],[],[],[],[],[],[],[],[],[],[],[],[],[],[],[],[],[],[],[],[],[],[],[],[],[],[],[],[],[],[],[],[],[],[],[],[],[],[],[],[],[],[],[],[],[],[],[],[],[],[]],"neow_costs_skipped_log":["NONE","PERCENT_DAMAGE","NONE"],"gold_per_floor":[118,418,444,104,29,60,60,89,165,192,208,208,222,235,235,309,309,328,339,357,357,372,372,387,412,412,439,439,449,449,469,469,546,546,564,583,96,110,127,162,132,132,132,132,132,150,150,164,164,164,164,164,164,12,12],"floor_reached":55,"playtime":6240,"items_purged":["Strike_B","Strike_B"],"score":2168,"play_id":"3e061a1b-c546-4482-bc2c-6a01fa89f6bf","local_time":"20231213123413","falling_options_log":["Defend_B","Machine Learning"],"score_breakdown":["Floors Climbed (55): 275","Enemies Slain (17): 34","Exordium Elites Killed (3): 30","City Elites Killed (2): 40","Beyond Elites Killed (1): 30","Bosses Slain (4): 500","Money Money (1117): 25","Collector (1): 25","Champion (5): 125","Overkill: 25","Ascension (20): 1059"],"is_ascension_mode":true,"potions_obtained_alchemize":[[],[],[],[],[],[],[],[],[],[],[],[],[],[],[],[],[],[],[],[],[],[],[],[],[],[],[],[],[],[],[],[],[],[],[],[],[],[],[],[],[],[],[],[],[],[],[],[],[],[],[],[],[],[],[]],"campfire_choices":[{"data":"Zap","floor":7.0,"key":"SMITH"},{"data":"Coolheaded","floor":12.0,"key":"SMITH"},{"data":"Loop","floor":15.0,"key":"SMITH"},{"data":"Coolheaded","floor":23.0,"key":"SMITH"},{"data":"Seek","floor":30.0,"key":"SMITH"},{"data":"Recycle","floor":32.0,"key":"SMITH"},{"data":"Turbo","floor":44.0,"key":"SMITH"},{"floor":47.0,"key":"RECALL"},{"data":"Coolheaded","floor":49.0,"key":"SMITH"},{"data":"Biased Cognition","floor":53.0,"key":"SMITH"}],"lesson_learned_per_floor":[[],[],[],[],[],[],[],[],[],[],[],[],[],[],[],[],[],[],[],[],[],[],[],[],[],[],[],[],[],[],[],[],[],[],[],[],[],[],[],[],[],[],[],[],[],[],[],[],[],[],[],[],[],[],[]],"neow_cost":"NONE","improvable_cards":{},"seed_source_timestamp":0,"shop_contents":[{"floor":4,"relics":["Anchor","Orrery"],"cards":["Lockon","Sweeping Beam","Conserve Battery","Steam","Storm","Purity","Sadistic Nature"],"potions":["ColorlessPotion","PowerPotion","FairyPotion"]},{"floor":37,"relics":["Emotion Chip"],"cards":["Blizzard","Doom and Gloom","Skim","Darkness","Purity","Apotheosis"],"potions":["Dexterity Potion","AttackPotion","ColorlessPotion"]},{"floor":54,"relics":["Toy Ornithopter","StoneCalendar","Frozen Eye"],"cards":["Ball Lightning","Rip and Tear","Steam","Static Discharge","Trip","Secret Weapon"],"potions":["Energy Potion","Fire Potion","Strength Potion"]}],"circlet_count":0,"master_deck":["AscendersBane","Strike_B","Defend_B","Defend_B","Defend_B","Zap+1","Dualcast","Ball Lightning","Loop+1","Biased Cognition+1","Recycle+1","Coolheaded+1","Glacier","Rebound","Machine Learning","Coolheaded+1","Turbo+1","Doom and Gloom","Seek+1","Conserve Battery","Hologram+1","Capacitor","Core Surge","Coolheaded+1","Self Repair","Seek+1","Echo Form","Coolheaded"],"special_seed":0,"potion_use_per_floor":[[],[],[],[],[],[],[],[],[],["AttackPotion"],[],[],[],[],[],[],[],[],["LiquidBronze"],[],[],["GamblersBrew"],[],[],["DistilledChaos","FocusPotion"],[],[],[],[],[],[],[],[],[],[],[],[],[],["Block Potion"],["FocusPotion"],[],[],[],[],[],["SkillPotion"],[],[],[],["GamblersBrew"],[],[],[],[],[]],"relics":["Cracked Core","NeowsBlessing","Old Coin","Bag of Marbles","Incense Burner","Question Card","Eternal Feather","Letter Opener","Shuriken","Coffee Dripper","Boot","DataDisk","Inserter","Centennial Puzzle","DollysMirror","Gremlin Horn","Pantograph"],"potions_floor_usage":[],"damage_taken":[{"damage":0.0,"enemies":"2 Louse","floor":1.0,"turns":1.0},{"damage":0.0,"enemies":"Gremlin Nob","floor":6.0,"turns":1.0},{"damage":0.0,"enemies":"Lagavulin","floor":8.0,"turns":3.0},{"damage":0.0,"enemies":"Gremlin Nob","floor":10.0,"turns":3.0},{"damage":0.0,"enemies":"Cultist","floor":11.0,"turns":3.0},{"damage":6.0,"enemies":"Small Slimes","floor":13.0,"turns":5.0},{"damage":4.0,"enemies":"2 Fungi Beasts","floor":14.0,"turns":2.0},{"damage":38.0,"enemies":"Hexaghost","floor":16.0,"turns":12.0},{"damage":0.0,"enemies":"2 Thieves","floor":18.0,"turns":5.0},{"damage":0.0,"enemies":"Spheric Guardian","floor":19.0,"turns":4.0},{"damage":18.0,"enemies":"3 Cultists","floor":20.0,"turns":6.0},{"damage":16.0,"enemies":"Shelled Parasite and Fungi","floor":22.0,"turns":7.0},{"damage":24.0,"enemies":"Chosen and Byrds","floor":24.0,"turns":4.0},{"damage":0.0,"enemies":"Book of Stabbing","floor":25.0,"turns":4.0},{"damage":0.0,"enemies":"Gremlin Leader","floor":27.0,"turns":6.0},{"damage":8.0,"enemies":"3 Cultists","floor":29.0,"turns":4.0},{"damage":0.0,"enemies":"Centurion and Healer","floor":31.0,"turns":9.0},{"damage":20.0,"enemies":"Automaton","floor":33.0,"turns":14.0},{"damage":38.0,"enemies":"3 Darklings","floor":35.0,"turns":7.0},{"damage":0.0,"enemies":"3 Shapes","floor":36.0,"turns":5.0},{"damage":14.0,"enemies":"Jaw Worm Horde","floor":38.0,"turns":6.0},{"damage":4.0,"enemies":"3 Darklings","floor":39.0,"turns":8.0},{"damage":1.0,"enemies":"Reptomancer","floor":40.0,"turns":7.0},{"damage":20.0,"enemies":"Maw","floor":46.0,"turns":7.0},{"damage":9.0,"enemies":"Spire Growth","floor":48.0,"turns":8.0},{"damage":29.0,"enemies":"Donu and Deca","floor":50.0,"turns":14.0},{"damage":17.0,"enemies":"Time Eater","floor":51.0,"turns":12.0},{"damage":71,"enemies":"Shield and Spear","floor":55,"turns":9}],"green_key_taken_log":40,"seed_played":"-3032031897192532878","neow_bonus_log":{"cardsObtained":[],"cardsUpgraded":[],"cardsRemoved":[],"cardsTransformed":[],"relicsObtained":["NeowsBlessing"],"maxHpGained":0,"goldGained":0,"damageTaken":0,"goldLost":0,"maxHpLost":0},"potions_obtained":[{"floor":6.0,"key":"AttackPotion"},{"floor":8.0,"key":"FocusPotion"},{"floor":16.0,"key":"LiquidBronze"},{"floor":20.0,"key":"GamblersBrew"},{"floor":22.0,"key":"SpeedPotion"},{"floor":24.0,"key":"DistilledChaos"},{"floor":33.0,"key":"FocusPotion"},{"floor":38.0,"key":"Block Potion"},{"floor":41.0,"key":"SkillPotion"},{"floor":41.0,"key":"GamblersBrew"},{"floor":48.0,"key":"PotionOfCapacity"}],"is_trial":false,"path_per_floor":["M","?","T","$","?","E","R","E","T","E","M","R","M","M","R","B",null,"M","M","M","?","M","R","M","E","T","E","?","M","R","M","R","B",null,"M","M","$","M","M","E","?","?","T","R","?","M","R","M","R","B","B",null,"R","$","E"],"character_chosen":"DEFECT","basemod:card_modifiers":[null,null,null,null,null,null,null,null,null,null,null,null,null,null,null,null,null,null,null,null,null,null,null,null,null,null,null,null],"items_purchased":["Incense Burner","Self Repair","Centennial Puzzle","DollysMirror","Coolheaded"],"campfire_rested":0,"item_purchase_floors":[4,37,37,37,54],"current_hp_per_floor":[64,46,46,46,46,46,46,46,46,46,46,55,49,45,54,16,57,57,57,39,53,37,49,25,25,25,25,25,17,29,29,44,24,59,21,21,21,14,17,23,23,23,23,38,38,32,47,52,67,56,61,69,71,71,0],"gold":12,"neow_bonus":"THREE_ENEMY_KILL","is_prod":false,"is_daily":false,"rewards_skipped":[],"chose_seed":false,"campfire_upgraded":9,"win_rate":0,"floor_exit_playtime":[74,94,99,160,176,200,208,240,247,332,373,384,476,571,585,895,994,1120,1222,1420,1429,1574,1598,1704,1786,1792,1948,1952,2040,2055,2290,2324,2885,2939,3098,3159,3228,3484,3729,4018,4027,4050,4056,4080,4092,4307,4313,4604,4639,5181,5453,5466,5479,5514],"timestamp":1702488853,"blue_key_relic_skipped_log":{"floor":26,"relicID":"Darkstone Periapt"},"path_taken":["M","?","?","$","?","E","R","E","T","E","M","R","M","M","R","BOSS","M","M","M","?","?","R","M","E","T","E","?","M","R","M","R","BOSS","M","M","$","M","M","E","?","?","T","R","?","M","R","M","R","BOSS","BOSS","R","$","E"],"build_version":"2022-12-01","purchased_purges":2,"victory":false,"max_hp_per_floor":[71,71,71,71,71,71,71,71,71,71,71,71,71,71,71,71,71,71,71,71,71,71,71,71,71,71,71,71,71,71,71,71,71,71,71,71,71,71,71,71,71,71,71,71,71,71,71,71,71,71,71,71,71,71,71],"relic_stats":{"Centennial Puzzle":[24],"Inserter":[36],"Gremlin Horn":[1,1],"counters":[28,174],"Shuriken":[11],"Pantograph":19,"Eternal Feather":104,"Letter Opener":[675],"Question Card":23,"Boot":[11],"obtain_stats":[{"Inserter":34,"NeowsBlessing":0,"Gremlin Horn":40,"Eternal Feather":8,"Incense Burner":4,"Letter Opener":9,"Question Card":6,"Boot":25,"Old Coin":2,"DataDisk":27,"Centennial Puzzle":37,"Shuriken":10,"DollysMirror":37,"Pantograph":43,"Bag of Marbles":3,"Coffee Dripper":17,"Cracked Core":0},{"Inserter":18,"NeowsBlessing":0,"Gremlin Horn":23,"Eternal Feather":3,"Incense Burner":1,"Letter Opener":3,"Question Card":2,"Boot":14,"Old Coin":1,"DataDisk":15,"Centennial Puzzle":20,"Shuriken":4,"DollysMirror":20,"Pantograph":23,"Bag of Marbles":1,"Coffee Dripper":8,"Cracked Core":0},{"Inserter":92,"NeowsBlessing":0,"Gremlin Horn":124,"Eternal Feather":5,"Incense Burner":1,"Letter Opener":5,"Question Card":2,"Boot":60,"Old Coin":1,"DataDisk":66,"Centennial Puzzle":103,"Shuriken":8,"DollysMirror":103,"Pantograph":124,"Bag of Marbles":1,"Coffee Dripper":30,"Cracked Core":0}]},"card_choices":[{"not_picked":["Conserve Battery","Chill"],"picked":"Ball Lightning","floor":1.0},{"not_picked":["Hologram","Blizzard"],"picked":"Loop","floor":6.0},{"not_picked":["Recycle","Conserve Battery","Melter"],"picked":"Biased Cognition","floor":8.0},{"not_picked":["Cold Snap","Melter","Leap"],"picked":"Recycle","floor":10.0},{"not_picked":["Go for the Eyes","Ball Lightning","Beam Cell"],"picked":"Coolheaded","floor":11.0},{"not_picked":["Cold Snap","Rebound","Aggregate"],"picked":"Glacier","floor":13.0},{"not_picked":["Heatsinks","Streamline","Leap"],"picked":"Rebound","floor":14.0},{"not_picked":["Buffer","Multi-Cast","Rainbow"],"picked":"Machine Learning","floor":16.0},{"not_picked":["Rip and Tear","Redo","Stack"],"picked":"Coolheaded","floor":18.0},{"not_picked":["Reprogram","Scrape","Sweeping Beam","Go for the Eyes"],"picked":"SKIP","floor":19.0},{"not_picked":["Scrape","Static Discharge","Force Field"],"picked":"Turbo","floor":20.0},{"not_picked":["Heatsinks","Beam Cell","Leap"],"picked":"Doom and Gloom","floor":22.0},{"not_picked":["Blizzard+1","Scrape","Cold Snap","Sweeping Beam"],"picked":"SKIP","floor":24.0},{"not_picked":["Glacier","Melter","Reinforced Body+1"],"picked":"Seek","floor":25.0},{"not_picked":["Consume","Blizzard","Storm"],"picked":"Conserve Battery","floor":27.0},{"not_picked":["Compile Driver","Storm","Lockon"],"picked":"Hologram+1","floor":29.0},{"not_picked":["Undo","Go for the Eyes","Beam Cell"],"picked":"Capacitor","floor":31.0},{"not_picked":["Biased Cognition","Electrodynamics","Machine Learning"],"picked":"Core Surge","floor":33.0},{"not_picked":["Beam Cell","Barrage","Tempest"],"picked":"Coolheaded","floor":35.0},{"not_picked":["Streamline","Blizzard","Hologram","Ball Lightning"],"picked":"SKIP","floor":36.0},{"not_picked":["Steam","Go for the Eyes","Rip and Tear","Conserve Battery"],"picked":"SKIP","floor":38.0},{"not_picked":["Turbo","Leap","Sweeping Beam+1","Beam Cell"],"picked":"SKIP","floor":39.0},{"not_picked":["Aggregate+1","Glacier+1","Gash"],"picked":"Echo Form","floor":40.0},{"not_picked":["Leap","Ball Lightning+1","Conserve Battery","Reprogram"],"picked":"SKIP","floor":46.0},{"not_picked":["Recycle","Redo","Chill","Beam Cell"],"picked":"SKIP","floor":48.0}],"player_experience":120419,"relics_obtained":[{"floor":3.0,"key":"Bag of Marbles"},{"floor":6.0,"key":"Question Card"},{"floor":8.0,"key":"Eternal Feather"},{"floor":9.0,"key":"Letter Opener"},{"floor":10.0,"key":"Shuriken"},{"floor":25.0,"key":"Boot"},{"floor":27.0,"key":"DataDisk"},{"floor":40.0,"key":"Gremlin Horn"},{"floor":43.0,"key":"Pantograph"}],"event_choices":[{"damage_healed":0.0,"max_hp_gain":0.0,"max_hp_loss":0.0,"gold_gain":0.0,"event_name":"Scrap Ooze","player_choice":"Success","floor":2.0,"gold_loss":0.0,"damage_taken":18.0,"relics_obtained":["Old Coin"]},{"cards_removed":["Defend_B"],"damage_healed":0.0,"max_hp_gain":0.0,"max_hp_loss":0.0,"gold_gain":0.0,"event_name":"The Cleric","player_choice":"Card Removal","floor":5.0,"gold_loss":75.0,"damage_taken":0.0},{"damage_healed":14.0,"max_hp_gain":0.0,"max_hp_loss":0.0,"gold_gain":0.0,"event_name":"The Library","player_choice":"Heal","floor":21.0,"gold_loss":0.0,"damage_taken":0.0},{"damage_healed":0.0,"max_hp_gain":0.0,"max_hp_loss":0.0,"gold_gain":0.0,"event_name":"Cursed Tome","player_choice":"Ignored","floor":28.0,"gold_loss":0.0,"damage_taken":0.0},{"damage_healed":0.0,"max_hp_gain":0.0,"max_hp_loss":0.0,"gold_gain":0.0,"event_name":"The Woman in Blue","player_choice":"Bought 2 Potions","floor":41.0,"gold_loss":0.0,"damage_taken":0.0},{"damage_healed":0.0,"max_hp_gain":0.0,"max_hp_loss":0.0,"gold_gain":0.0,"event_name":"Match and Keep!","player_choice":"0 cards matched","floor":42.0,"gold_loss":0.0,"damage_taken":0.0,"cards_obtained":[]},{"cards_removed":["Strike_B"],"damage_healed":0.0,"max_hp_gain":0.0,"max_hp_loss":0.0,"gold_gain":0.0,"event_name":"Falling","player_choice":"Removed Attack","floor":45.0,"gold_loss":0.0,"damage_taken":0.0}],"is_beta":false,"boss_relics":[{"not_picked":["Tiny House","Snecko Eye"],"picked":"Coffee Dripper"},{"not_picked":["Nuclear Battery","Cursed Key"],"picked":"Inserter"}],"items_purged_floors":[37,54],"is_endless":false,"potions_floor_spawned":[6,8,16,20,22,24,33,38,48],"killed_by":"Shield and Spear","ascension_level":20,"potion_discard_per_floor":[[],[],[],[],[],[],[],[],[],[],[],[],[],[],[],[],[],[],[],[],[],[],[],["SpeedPotion"],[],[],[],[],[],[],[],[],[],[],[],[],[],[],[],[],[],[],[],[],[],[],[],[],[],[],[],[],[],[],[]]}