{"neow_bonuses_skipped_log":["TRANSFORM_CARD","THREE_SMALL_POTIONS","BOSS_RELIC"],"potions_obtained_entropic_brew":[[],[],[],[],[],[],[],[],[],[],[],[],[],[],[],[],[],[],[],[],[],[]],"neow_costs_skipped_log":["NONE","NONE","NONE"],"gold_per_floor":[19,19,30,45,64,64,98,98,121,137,156,182,182,207,207,282,282,302,317,25,39,39],"floor_reached":22,"playtime":2007,"items_purged":["Strike_B"],"score":416,"play_id":"f5a8853e-41a7-49ee-bd2e-38e58ca71de2","local_time":"20231217144916","score_breakdown":["Floors Climbed (22): 110","Enemies Slain (9): 18","Exordium Elites Killed (3): 30","City Elites Killed (0): 0","Bosses Slain (1): 50","Ascension (20): 208"],"is_ascension_mode":true,"potions_obtained_alchemize":[[],[],[],[],[],[],[],[],[],[],[],[],[],[],[],[],[],[],[],[],[],[]],"campfire_choices":[{"data":"Zap","floor":6.0,"key":"SMITH"},{"data":"Reinforced Body","floor":8.0,"key":"SMITH"},{"data":"Defragment","floor":15.0,"key":"SMITH"}],"lesson_learned_per_floor":[[],[],[],[],[],[],[],[],[],[],[],[],[],[],[],[],[],[],[],[],[],[]],"neow_cost":"NO_GOLD","improvable_cards":{},"seed_source_timestamp":285785010821583,"shop_contents":[{"floor":20,"relics":["Boot","CaptainsWheel"],"cards":["Lockon","Rip and Tear","Leap","Heatsinks","Flash of Steel","Master of Strategy"],"potions":["Explosive Potion","SteroidPotion","FairyPotion"]}],"circlet_count":0,"master_deck":["AscendersBane","Strike_B","Defend_B","Defend_B","Defend_B","Zap+1","Dualcast","Core Surge","Capacitor","Ball Lightning","Glacier","Cold Snap","Reinforced Body+1","Defragment+1","Doom and Gloom","Electrodynamics","Static Discharge","Coolheaded","Steam+1"],"special_seed":0,"potion_use_per_floor":[[],[],[],[],[],[],["Dexterity Potion"],[],[],[],[],[],[],[],[],[],[],["DuplicationPotion"],[],[],["FocusPotion"],["FocusPotion","FocusPotion"]],"relics":["Cracked Core","DataDisk","Nunchaku","Bottled Tornado","Strawberry","Philosopher\u0027s Stone","Cauldron"],"potions_floor_usage":[21,22,22],"damage_taken":[{"damage":0.0,"enemies":"Small Slimes","floor":1.0,"turns":2.0},{"damage":1.0,"enemies":"Cultist","floor":3.0,"turns":3.0},{"damage":3.0,"enemies":"2 Louse","floor":4.0,"turns":4.0},{"damage":7.0,"enemies":"Blue Slaver","floor":5.0,"turns":3.0},{"damage":5.0,"enemies":"3 Sentries","floor":7.0,"turns":8.0},{"damage":0.0,"enemies":"Looter","floor":10.0,"turns":3.0},{"damage":0.0,"enemies":"Red Slaver","floor":11.0,"turns":3.0},{"damage":6.0,"enemies":"Lagavulin","floor":12.0,"turns":6.0},{"damage":1.0,"enemies":"3 Sentries","floor":14.0,"turns":8.0},{"damage":32.0,"enemies":"The Guardian","floor":16.0,"turns":9.0},{"damage":24.0,"enemies":"2 Thieves","floor":18.0,"turns":4.0},{"damage":14.0,"enemies":"Shell Parasite","floor":19.0,"turns":5.0},{"damage":12,"enemies":"3 Cultists","floor":21,"turns":4},{"damage":22,"enemies":"Snake Plant","floor":22,"turns":2}],"seed_played":"2164733017710216666","neow_bonus_log":{"cardsObtained":["Core Surge","Capacitor"],"cardsUpgraded":[],"cardsRemoved":[],"cardsTransformed":["Strike_B","Defend_B"],"relicsObtained":[],"maxHpGained":0,"goldGained":0,"damageTaken":0,"goldLost":99,"maxHpLost":0},"potions_obtained":[{"floor":3.0,"key":"Dexterity Potion"},{"floor":7.0,"key":"DuplicationPotion"},{"floor":14.0,"key":"SmokeBomb"},{"floor":16.0,"key":"FocusPotion"},{"floor":20.0,"key":"FocusPotion"},{"floor":21,"key":"FocusPotion"}],"is_trial":false,"path_per_floor":["M","?","M","M","M","R","E","R","T","M","M","E","?","E","R","B",null,"M","M","$","M","M"],"character_chosen":"DEFECT","basemod:card_modifiers":[null,null,null,null,null,null,null,null,null,null,null,null,null,null,null,null,null,null,null],"items_purchased":["Cauldron","Coolheaded"],"campfire_rested":0,"item_purchase_floors":[20,20],"current_hp_per_floor":[64,64,63,60,53,53,48,48,48,48,48,42,47,53,53,21,68,44,30,30,18,0],"gold":39,"neow_bonus":"TRANSFORM_TWO_CARDS","is_prod":false,"is_daily":false,"rewards_skipped":[{"floor":20,"relics":[],"potions":["SteroidPotion","SteroidPotion","Swift Potion","ColorlessPotion"]}],"chose_seed":false,"campfire_upgraded":3,"win_rate":0,"floor_exit_playtime":[103,122,148,403,484,497,650,671,678,711,761,862,873,980,992,1127,1557,1711,1774,1827,1960],"timestamp":1702842556,"path_taken":["M","?","M","M","M","R","E","R","T","M","M","E","?","E","R","BOSS","M","M","$","M","M"],"build_version":"2022-12-01","purchased_purges":1,"victory":false,"max_hp_per_floor":[71,71,71,71,71,71,71,71,71,71,71,71,76,83,83,83,83,83,83,83,83,83],"relic_stats":{"Cauldron":1,"Nunchaku":[4],"counters":[14,64],"Bottled Tornado":"Defragment","obtain_stats":[{"Cauldron":20,"DataDisk":7,"Nunchaku":9,"Strawberry":14,"Philosopher\u0027s Stone":17,"Bottled Tornado":12,"Cracked Core":0},{"Cauldron":12,"DataDisk":5,"Nunchaku":5,"Strawberry":9,"Philosopher\u0027s Stone":10,"Bottled Tornado":8,"Cracked Core":0},{"Cauldron":58,"DataDisk":20,"Nunchaku":20,"Strawberry":40,"Philosopher\u0027s Stone":49,"Bottled Tornado":32,"Cracked Core":0}]},"card_choices":[{"not_picked":["Barrage","Redo"],"picked":"Ball Lightning","floor":1.0},{"not_picked":["Chaos","Fusion"],"picked":"Glacier","floor":3.0},{"not_picked":["Barrage","Redo"],"picked":"Cold Snap","floor":4.0},{"not_picked":["Turbo","Leap"],"picked":"Reinforced Body","floor":5.0},{"not_picked":["Leap","Blizzard","Stack"],"picked":"SKIP","floor":7.0},{"not_picked":["Go for the Eyes","Stack","Beam Cell"],"picked":"SKIP","floor":10.0},{"not_picked":["Blizzard","Genetic Algorithm","Go for the Eyes"],"picked":"SKIP","floor":11.0},{"not_picked":["Double Energy","Leap"],"picked":"Defragment","floor":12.0},{"not_picked":["Gash","Core Surge"],"picked":"Doom and Gloom","floor":14.0},{"not_picked":["Fission","Hyperbeam"],"picked":"Electrodynamics","floor":16.0},{"not_picked":["Auto Shields","Conserve Battery"],"picked":"Static Discharge","floor":18.0},{"not_picked":["Capacitor","Darkness","Gash"],"picked":"SKIP","floor":19.0},{"not_picked":["Leap","Reprogram"],"picked":"Steam+1","floor":21}],"player_experience":55506,"relics_obtained":[{"floor":7.0,"key":"DataDisk"},{"floor":9.0,"key":"Nunchaku"},{"floor":12.0,"key":"Bottled Tornado"},{"floor":14.0,"key":"Strawberry"}],"event_choices":[{"cards_removed":["Strike_B"],"damage_healed":0.0,"max_hp_gain":0.0,"max_hp_loss":0.0,"gold_gain":0.0,"event_name":"Purifier","player_choice":"Purged","floor":2.0,"gold_loss":0.0,"damage_taken":0.0},{"damage_healed":0.0,"max_hp_gain":5.0,"max_hp_loss":0.0,"gold_gain":0.0,"event_name":"Big Fish","player_choice":"Donut","floor":13.0,"gold_loss":0.0,"damage_taken":0.0}],"is_beta":false,"boss_relics":[{"not_picked":["FrozenCore","Velvet Choker"],"picked":"Philosopher\u0027s Stone"}],"items_purged_floors":[20],"is_endless":false,"potions_floor_spawned":[3,7,14,16,21],"killed_by":"Snake Plant","ascension_level":20,"potion_discard_per_floor":[[],[],[],[],[],[],[],[],[],[],[],[],[],[],[],["SmokeBomb"],[],[],[],[],[],[]]}