{"neow_bonuses_skipped_log":["ONE_RANDOM_RARE_CARD","TRANSFORM_TWO_CARDS","BOSS_RELIC"],"potions_obtained_entropic_brew":[[],[],[],[],[],[],[],[],[],[],[],[],[],[],[],[],[],[],[],[],[],[],[],[],[],[],[],[],[],[],[],[],[]],"neow_costs_skipped_log":["NONE","PERCENT_DAMAGE","NONE"],"gold_per_floor":[213,213,232,249,249,249,282,282,282,313,330,330,355,375,375,446,446,465,465,62,80,92,92,127,127,154,168,168,179,204,119,119,119],"floor_reached":33,"playtime":3290,"items_purged":["Strike_B"],"score":610,"play_id":"954b83b2-d5a8-4d99-a8b8-320cff252232","local_time":"20231212115742","score_breakdown":["Floors Climbed (33): 165","Enemies Slain (10): 20","Exordium Elites Killed (3): 30","City Elites Killed (2): 40","Bosses Slain (1): 50","Ascension (20): 305"],"is_ascension_mode":true,"potions_obtained_alchemize":[[],[],[],[],[],[],[],[],[],[],[],[],[],[],[],[],[],[],[],[],[],[],[],[],[],[],[],[],[],[],[],[],[]],"campfire_choices":[{"floor":6.0,"key":"REST"},{"data":"Self Repair","floor":8.0,"key":"SMITH"},{"data":"Hologram","floor":12.0,"key":"SMITH"},{"data":"Darkness","floor":15.0,"key":"SMITH"},{"data":"Turbo","floor":23,"key":"SMITH"},{"floor":25,"key":"REST"},{"data":"Sunder","floor":28,"key":"SMITH"},{"floor":32,"key":"REST"}],"lesson_learned_per_floor":[[],[],[],[],[],[],[],[],[],[],[],[],[],[],[],[],[],[],[],[],[],[],[],[],[],[],[],[],[],[],[],[],[]],"neow_cost":"NONE","improvable_cards":{"Genetic Algorithm+1":[16]},"seed_source_timestamp":0,"shop_contents":[{"floor":20,"relics":["Calipers","Boot","Art of War"],"cards":["Ball Lightning","All For One","Steam","Turbo","Hello World","Blind","Transmutation"],"potions":["Regen Potion","BlessingOfTheForge","ColorlessPotion"]}],"circlet_count":0,"master_deck":["AscendersBane","Strike_B","Defend_B","Defend_B","Defend_B","Zap+1","Dualcast","Rebound+1","Self Repair+1","Cold Snap","Undo+1","Hologram+1","Compile Driver","Darkness+1","Biased Cognition","Machine Learning+1","Biased Cognition+1","White Noise+1","Turbo+1","Recycle","Compile Driver","Genetic Algorithm+1","Meteor Strike","Dark Shackles","Sunder+1"],"special_seed":0,"potion_use_per_floor":[[],[],[],[],[],[],["PowerPotion"],[],[],[],[],[],["Block Potion"],["SpeedPotion"],[],["Strength Potion","Energy Potion"],[],[],[],[],["CultistPotion"],["GamblersBrew"],[],["FocusPotion"],[],[],[],[],[],["Strength Potion"],[],[],["FocusPotion","GamblersBrew","DuplicationPotion"]],"relics":["Cracked Core","White Beast Statue","The Courier","Shuriken","Cables","Astrolabe","Kunai","Orrery","Potion Belt","Lantern","War Paint","Orichalcum"],"potions_floor_usage":[21,22,24,30,33,33,33],"damage_taken":[{"damage":17.0,"enemies":"Small Slimes","floor":1.0,"turns":5.0},{"damage":0.0,"enemies":"Cultist","floor":3.0,"turns":3.0},{"damage":9.0,"enemies":"Jaw Worm","floor":4.0,"turns":4.0},{"damage":6.0,"enemies":"3 Sentries","floor":7.0,"turns":3.0},{"damage":20.0,"enemies":"Lagavulin","floor":10.0,"turns":9.0},{"damage":7.0,"enemies":"Blue Slaver","floor":11.0,"turns":4.0},{"damage":19.0,"enemies":"3 Sentries","floor":13.0,"turns":7.0},{"damage":3.0,"enemies":"Large Slime","floor":14.0,"turns":4.0},{"damage":3.0,"enemies":"The Guardian","floor":16.0,"turns":10.0},{"damage":2.0,"enemies":"Spheric Guardian","floor":18.0,"turns":5.0},{"damage":0,"enemies":"Chosen","floor":21,"turns":5},{"damage":12,"enemies":"Centurion and Healer","floor":22,"turns":5},{"damage":50,"enemies":"Book of Stabbing","floor":24,"turns":4},{"damage":13,"enemies":"Cultist and Chosen","floor":27,"turns":7},{"damage":22,"enemies":"Shelled Parasite and Fungi","floor":29,"turns":5},{"damage":17,"enemies":"Gremlin Leader","floor":30,"turns":8},{"damage":44,"enemies":"Collector","floor":33,"turns":8}],"seed_played":"6345427808165626738","neow_bonus_log":{"cardsObtained":[],"cardsUpgraded":[],"cardsRemoved":[],"cardsTransformed":[],"relicsObtained":[],"maxHpGained":0,"goldGained":100,"damageTaken":0,"goldLost":0,"maxHpLost":0},"potions_obtained":[{"floor":1.0,"key":"PowerPotion"},{"floor":10.0,"key":"SpeedPotion"},{"floor":11.0,"key":"Block Potion"},{"floor":13.0,"key":"Energy Potion"},{"floor":14.0,"key":"Strength Potion"},{"floor":16.0,"key":"GamblersBrew"},{"floor":18.0,"key":"CultistPotion"},{"floor":21,"key":"FocusPotion"},{"floor":22,"key":"FocusPotion"},{"floor":24,"key":"DuplicationPotion"},{"floor":27,"key":"Strength Potion"},{"floor":29,"key":"GamblersBrew"},{"floor":30,"key":"Strength Potion"}],"is_trial":false,"path_per_floor":["M","?","M","M","?","R","E","R","T","E","M","R","E","M","R","B",null,"M","T","$","M","M","R","E","R","T","M","R","M","E","?","R","B"],"character_chosen":"DEFECT","basemod:card_modifiers":[null,null,null,null,null,null,null,null,null,null,null,null,null,null,null,null,null,null,null,null,null,null,null,null,null],"items_purchased":["Orrery","Genetic Algorithm","Meteor Strike","Dark Shackles"],"campfire_rested":3,"item_purchase_floors":[20,20,20,20],"current_hp_per_floor":[47,26,26,24,24,45,46,46,46,36,39,39,20,27,27,34,62,70,70,70,71,59,59,19,40,40,37,37,25,18,18,39,0],"gold":119,"neow_bonus":"HUNDRED_GOLD","is_prod":false,"is_daily":false,"rewards_skipped":[],"chose_seed":false,"campfire_upgraded":5,"win_rate":0,"floor_exit_playtime":[169,174,204,256,267,271,334,350,355,621,690,702,851,967,977,1176,1252,1401,1406,1670,1780,2028,2057,2164,2178,2182,2377,2388,2565,2937,2948,2951],"timestamp":1702400262,"path_taken":["M","?","M","M","?","R","E","R","T","E","M","R","E","M","R","BOSS","M","?","$","M","M","R","E","R","T","M","R","?","E","?","R","BOSS"],"build_version":"2022-12-01","purchased_purges":1,"victory":false,"max_hp_per_floor":[71,71,71,71,71,71,71,71,71,71,71,71,71,71,71,71,71,71,71,71,71,71,71,71,71,71,71,71,71,71,71,71,71],"relic_stats":{"counters":[17,96],"Shuriken":[10],"Astrolabe":["Machine Learning","Biased Cognition","White Noise"],"The Courier":101,"Kunai":[6],"War Paint":["Genetic Algorithm","Undo"],"Orichalcum":[6],"obtain_stats":[{"Potion Belt":24,"Lantern":26,"Shuriken":10,"Astrolabe":17,"Orrery":20,"The Courier":9,"Kunai":19,"War Paint":30,"Orichalcum":31,"Cracked Core":0,"White Beast Statue":7,"Cables":13},{"Potion Belt":13,"Lantern":13,"Shuriken":5,"Astrolabe":9,"Orrery":10,"The Courier":4,"Kunai":10,"War Paint":16,"Orichalcum":16,"Cracked Core":0,"White Beast Statue":4,"Cables":7},{"Potion Belt":68,"Lantern":68,"Shuriken":24,"Astrolabe":49,"Orrery":54,"The Courier":15,"Kunai":54,"War Paint":88,"Orichalcum":88,"Cracked Core":0,"White Beast Statue":15,"Cables":35}],"White Beast Statue":[0.0,0.02499840000000001,0.0,0.27258880000000013,0.0,0.4967808000000003,0.0,0.1935360000000001,0.0,0.012096000000000006,0.0,5.941017600000001],"Cables":[52,30,5,10,7]},"card_choices":[{"not_picked":["Conserve Battery","Barrage"],"picked":"Rebound","floor":1.0},{"not_picked":["Leap","Ball Lightning"],"picked":"Self Repair","floor":3.0},{"not_picked":["Melter","Compile Driver"],"picked":"Cold Snap","floor":4.0},{"not_picked":["Reinforced Body","Conserve Battery"],"picked":"Undo","floor":7.0},{"not_picked":["Redo","Force Field"],"picked":"Hologram","floor":10.0},{"not_picked":["Streamline","Tempest"],"picked":"Compile Driver","floor":11.0},{"not_picked":["Steam","Streamline"],"picked":"Darkness","floor":13.0},{"not_picked":["Gash","BootSequence","Stack"],"picked":"SKIP","floor":14.0},{"not_picked":["Amplify","Fission"],"picked":"Biased Cognition","floor":16.0},{"not_picked":["Compile Driver","Reinforced Body","Ball Lightning"],"picked":"SKIP","floor":18.0},{"not_picked":["Reprogram","Redo+1"],"picked":"Turbo","floor":20.0},{"not_picked":["Go for the Eyes+1","Redo"],"picked":"Recycle","floor":20.0},{"not_picked":["Steam+1","Static Discharge"],"picked":"Compile Driver","floor":20.0},{"not_picked":["Cold Snap","Tempest","Steam"],"picked":"SKIP","floor":20.0},{"not_picked":["Chaos","White Noise","Redo"],"picked":"SKIP","floor":20.0},{"not_picked":["Rebound","Steam","Conserve Battery+1"],"picked":"SKIP","floor":21},{"not_picked":["Lockon","Turbo","Amplify"],"picked":"SKIP","floor":22},{"not_picked":["Sweeping Beam","Thunder Strike","Beam Cell"],"picked":"SKIP","floor":24},{"not_picked":["Defragment","Cold Snap"],"picked":"Sunder","floor":27},{"not_picked":["Genetic Algorithm","Beam Cell","Turbo"],"picked":"SKIP","floor":29},{"not_picked":["Static Discharge","Beam Cell","Hologram"],"picked":"SKIP","floor":30}],"player_experience":117129,"relics_obtained":[{"floor":7.0,"key":"White Beast Statue"},{"floor":9.0,"key":"The Courier"},{"floor":10.0,"key":"Shuriken"},{"floor":13.0,"key":"Cables"},{"floor":19.0,"key":"Kunai"},{"floor":24,"key":"Potion Belt"},{"floor":26,"key":"Lantern"},{"floor":30,"key":"War Paint"}],"event_choices":[{"damage_healed":0.0,"max_hp_gain":0.0,"max_hp_loss":0.0,"gold_gain":0.0,"event_name":"Shining Light","player_choice":"Entered Light","floor":2.0,"gold_loss":0.0,"damage_taken":21.0,"cards_upgraded":["Zap","Rebound"]},{"damage_healed":0.0,"max_hp_gain":0.0,"max_hp_loss":0.0,"gold_gain":0.0,"event_name":"Liars Game","player_choice":"Ignored","floor":5.0,"gold_loss":0.0,"damage_taken":0.0},{"damage_healed":0,"gold_gain":0,"player_choice":"Obtained Relic","damage_taken":0,"relics_obtained":["Orichalcum"],"max_hp_gain":0,"max_hp_loss":0,"event_name":"Addict","floor":31,"gold_loss":85}],"is_beta":false,"boss_relics":[{"not_picked":["Pandora\u0027s Box","Busted Crown"],"picked":"Astrolabe"}],"items_purged_floors":[20],"is_endless":false,"potions_floor_spawned":[1,10,11,13,14,16,18,21,22,24,27,29,30],"killed_by":"Collector","ascension_level":20,"potion_discard_per_floor":[[],[],[],[],[],[],[],[],[],[],[],[],[],[],[],[],[],[],[],[],[],[],[],[],[],[],[],[],[],[],[],[],[]]}