{"neow_bonuses_skipped_log":["RANDOM_COLORLESS","RANDOM_COMMON_RELIC","BOSS_RELIC"],"neow_costs_skipped_log":["NONE","NONE","NONE"],"potions_obtained_entropic_brew":[[],[],[],[],[],[],[],[],[],[],[],[],[],[],[],[],[],[],[],[],[],[],[],[],[],[],[],[],[]],"gold_per_floor":[118,133,133,148,164,198,198,25,25,25,37,63,75,75,75,149,149,159,169,169,188,218,218,234,234,234,234,18,18],"floor_reached":29,"playtime":2308,"items_purged":[],"score":470,"play_id":"c173c1d9-d9d0-4f6a-999f-ed766d4f0dc8","local_time":"20231211010657","score_breakdown":["Floors Climbed (29): 145","Enemies Slain (10): 20","Exordium Elites Killed (2): 20","City Elites Killed (0): 0","Bosses Slain (1): 50","Ascension (20): 235"],"is_ascension_mode":true,"potions_obtained_alchemize":[[],[],[],[],[],[],[],[],[],[],[],[],[],[],[],[],[],[],[],[],[],[],[],[],[],[],[],[],[]],"campfire_choices":[{"data":"Zap","floor":7,"key":"SMITH"},{"floor":10,"key":"REST"},{"data":"Recycle","floor":15,"key":"SMITH"},{"floor":23,"key":"REST"},{"data":"Biased Cognition","floor":25,"key":"SMITH"},{"floor":27,"key":"REST"}],"lesson_learned_per_floor":[[],[],[],[],[],[],[],[],[],[],[],[],[],[],[],[],[],[],[],[],[],[],[],[],[],[],[],[],[]],"neow_cost":"TEN_PERCENT_HP_LOSS","improvable_cards":{"Genetic Algorithm":[7]},"seed_source_timestamp":359574872617625,"shop_contents":[{"floor":8,"relics":["CeramicFish","Chemical X"],"cards":["Scrape","Blizzard","Reprogram","Steam","Capacitor","Dark Shackles","Secret Weapon"],"potions":["PotionOfCapacity","Block Potion","SpeedPotion"]},{"floor":28,"relics":["Molten Egg 2","Vajra"],"cards":["Melter","Go for the Eyes","Auto Shields","Self Repair","Good Instincts","Secret Weapon"],"potions":["FocusPotion","SteroidPotion","Energy Potion"]}],"circlet_count":0,"master_deck":["AscendersBane","Strike_B+1","Strike_B","Defend_B","Defend_B","Defend_B","Defend_B","Zap+1","Dualcast+1","All For One","Ball Lightning+1","Self Repair","BootSequence","Go for the Eyes","Recycle+1","Biased Cognition+1","Beam Cell","Thunder Strike","Reinforced Body","Genetic Algorithm","Coolheaded"],"potion_use_per_floor":[[],[],[],[],[],["Explosive Potion"],[],[],[],[],[],[],["FearPotion"],[],[],["SteroidPotion"],[],[],[],[],["Block Potion"],[],[],[],[],[],[],[],["SteroidPotion","FearPotion"]],"relics":["Cracked Core","Centennial Puzzle","Bag of Preparation","Oddly Smooth Stone","Empty Cage","Red Mask","ClockworkSouvenir"],"potions_floor_usage":[6,13,16,21,29,29],"damage_taken":[{"damage":4,"enemies":"Jaw Worm","floor":1,"turns":3},{"damage":0,"enemies":"Cultist","floor":2,"turns":3},{"damage":7,"enemies":"Small Slimes","floor":4,"turns":3},{"damage":12,"enemies":"2 Fungi Beasts","floor":5,"turns":4},{"damage":20,"enemies":"3 Sentries","floor":6,"turns":8},{"damage":15,"enemies":"Gremlin Gang","floor":11,"turns":3},{"damage":5,"enemies":"Lagavulin","floor":12,"turns":4},{"damage":0,"enemies":"Red Slaver","floor":13,"turns":2},{"damage":20,"enemies":"Hexaghost","floor":16,"turns":7},{"damage":4,"enemies":"Shell Parasite","floor":18,"turns":2},{"damage":5,"enemies":"3 Byrds","floor":19,"turns":4},{"damage":5,"enemies":"Snake Plant","floor":21,"turns":4},{"damage":36,"enemies":"Masked Bandits","floor":22,"turns":4},{"damage":11,"enemies":"Centurion and Healer","floor":24,"turns":5},{"damage":57,"enemies":"Slavers","floor":29,"turns":5}],"seed_played":"-5114531556355176690","neow_bonus_log":{"cardsObtained":[],"cardsUpgraded":[],"cardsRemoved":[],"cardsTransformed":[],"relicsObtained":[],"maxHpGained":0,"goldGained":0,"damageTaken":0,"goldLost":0,"maxHpLost":7},"potions_obtained":[{"floor":1,"key":"Explosive Potion"},{"floor":4,"key":"FearPotion"},{"floor":12,"key":"SteroidPotion"},{"floor":16,"key":"SteroidPotion"},{"floor":19,"key":"Block Potion"},{"floor":22,"key":"FearPotion"}],"is_trial":false,"path_per_floor":["M","M","?","M","M","E","R","$","T","R","M","E","M","?","R","B",null,"M","M","?","M","?","R","M","R","T","R","$","E"],"character_chosen":"DEFECT","basemod:card_modifiers":[null,null,null,null,null,null,null,null,null,null,null,null,null,null,null,null,null,null,null,null,null],"items_purchased":["Bag of Preparation","ClockworkSouvenir","Coolheaded"],"campfire_rested":3,"item_purchase_floors":[8,28,28],"current_hp_per_floor":[60,60,41,41,36,23,23,23,23,42,27,29,29,29,29,16,52,55,57,40,42,13,33,29,29,29,49,49,0],"gold":18,"neow_bonus":"THREE_RARE_CARDS","is_prod":false,"is_daily":false,"rewards_skipped":[{"floor":26,"relics":["Bottled Lightning"],"potions":[]}],"chose_seed":false,"campfire_upgraded":3,"win_rate":0,"floor_exit_playtime":[150,185,193,266,329,476,488,517,523,539,723,859,917,951,973,1344,1400,1504,1668,1682,1813,1943,1948,2061,2076,2106,2129,2159],"timestamp":1702274817,"blue_key_relic_skipped_log":{"floor":9,"relicID":"Blue Candle"},"path_taken":["M","M","?","M","M","E","R","$","T","R","M","E","M","?","R","BOSS","M","?","?","M","?","R","M","R","T","R","$","E"],"build_version":"2022-12-01","purchased_purges":0,"victory":false,"max_hp_per_floor":[64,64,64,64,64,64,64,64,64,64,64,64,64,64,64,64,64,64,64,69,69,69,69,69,69,69,69,69,69],"relic_stats":{"Centennial Puzzle":[27],"counters":[15,61],"Bag of Preparation":[20],"obtain_stats":[{"Centennial Puzzle":6,"Oddly Smooth Stone":12,"Bag of Preparation":8,"Red Mask":22,"Cracked Core":0,"Empty Cage":17,"ClockworkSouvenir":28},{"Centennial Puzzle":5,"Oddly Smooth Stone":7,"Bag of Preparation":5,"Red Mask":13,"Cracked Core":0,"Empty Cage":9,"ClockworkSouvenir":14},{"Centennial Puzzle":21,"Oddly Smooth Stone":28,"Bag of Preparation":21,"Red Mask":51,"Cracked Core":0,"Empty Cage":37,"ClockworkSouvenir":56}]},"card_choices":[{"not_picked":["Meteor Strike","Multi-Cast"],"picked":"All For One","floor":0},{"not_picked":["Sunder","Turbo"],"picked":"Ball Lightning","floor":1},{"not_picked":["Stack","Steam"],"picked":"Self Repair","floor":2},{"not_picked":["Ball Lightning","Rebound"],"picked":"BootSequence","floor":4},{"not_picked":["Hologram","Chaos"],"picked":"Go for the Eyes","floor":5},{"not_picked":["Hologram","White Noise"],"picked":"Recycle","floor":6},{"not_picked":["Steam","Turbo"],"picked":"Biased Cognition","floor":11},{"not_picked":["Go for the Eyes","Hello World","Self Repair"],"picked":"SKIP","floor":12},{"not_picked":["Sunder","Self Repair"],"picked":"Beam Cell","floor":13},{"not_picked":["All For One","Machine Learning"],"picked":"Thunder Strike","floor":16},{"not_picked":["Leap","Reprogram","Ball Lightning"],"picked":"SKIP","floor":18},{"not_picked":["Streamline","Leap"],"picked":"Reinforced Body","floor":19},{"not_picked":["Melter+1","Turbo"],"picked":"Genetic Algorithm","floor":21},{"not_picked":["Cold Snap","Ball Lightning","Beam Cell"],"picked":"SKIP","floor":22},{"not_picked":["FTL","Leap","Sweeping Beam"],"picked":"SKIP","floor":24}],"player_experience":112728,"relics_obtained":[{"floor":6,"key":"Centennial Puzzle"},{"floor":12,"key":"Oddly Smooth Stone"},{"floor":22,"key":"Red Mask"}],"event_choices":[{"damage_healed":0,"gold_gain":0,"player_choice":"Entered Light","damage_taken":19,"max_hp_gain":0,"max_hp_loss":0,"event_name":"Shining Light","floor":3,"gold_loss":0,"cards_upgraded":["Ball Lightning","Strike_B"]},{"damage_healed":0,"gold_gain":0,"player_choice":"Grow","damage_taken":0,"max_hp_gain":0,"max_hp_loss":0,"event_name":"Living Wall","floor":14,"gold_loss":0,"cards_upgraded":["Dualcast"]},{"damage_healed":0,"gold_gain":0,"player_choice":"Shed Blood","damage_taken":22,"max_hp_gain":5,"max_hp_loss":0,"event_name":"Forgotten Altar","floor":20,"gold_loss":0},{"damage_healed":0,"gold_gain":0,"player_choice":"Fought Bandits","damage_taken":0,"max_hp_gain":0,"max_hp_loss":0,"event_name":"Masked Bandits","floor":22,"gold_loss":0}],"is_beta":false,"boss_relics":[{"not_picked":["Philosopher\u0027s Stone","Black Star"],"picked":"Empty Cage"}],"items_purged_floors":[],"is_endless":false,"potions_floor_spawned":[1,4,12,16,19,22],"killed_by":"Slavers","ascension_level":20,"potion_discard_per_floor":[[],[],[],[],[],[],[],[],[],[],[],[],[],[],[],[],[],[],[],[],[],[],[],[],[],[],[],[],[]]}