{"neow_bonuses_skipped_log":["TRANSFORM_CARD","THREE_RARE_CARDS","BOSS_RELIC"],"neow_costs_skipped_log":["NONE","PERCENT_DAMAGE","NONE"],"potions_obtained_entropic_brew":[[],[],[],[],[],[],[],[],[],[],[],[],[],[],[],[]],"gold_per_floor":[214,214,233,10,21,48,48,82,82,113,129,404,404,417,417,417],"floor_reached":16,"playtime":930,"items_purged":[],"score":240,"play_id":"0783be15-cab5-4f93-94d5-2650a511dc9d","local_time":"20231218140936","score_breakdown":["Floors Climbed (16): 80","Enemies Slain (5): 10","Exordium Elites Killed (3): 30","Bosses Slain (0): 0","Ascension (20): 120"],"is_ascension_mode":true,"potions_obtained_alchemize":[[],[],[],[],[],[],[],[],[],[],[],[],[],[],[],[]],"campfire_choices":[{"data":"Beam Cell","floor":7,"key":"SMITH"},{"floor":13,"key":"REST"},{"data":"Reinforced Body","floor":15,"key":"SMITH"}],"lesson_learned_per_floor":[[],[],[],[],[],[],[],[],[],[],[],[],[],[],[],[]],"neow_cost":"NONE","improvable_cards":{},"seed_source_timestamp":369180796448334,"shop_contents":[{"floor":4,"relics":["Pear","Lee\u0027s Waffle"],"cards":["FTL","Scrape","Double Energy","Turbo","Static Discharge","Panacea","Thinking Ahead"],"potions":["DuplicationPotion","DuplicationPotion"]}],"circlet_count":0,"master_deck":["AscendersBane","Strike_B","Strike_B","Strike_B","Strike_B","Defend_B","Defend_B","Defend_B","Defend_B","Zap","Dualcast","Beam Cell+1","Rebound","Conserve Battery","Doom and Gloom","Reinforced Body+1","Glacier","Gash"],"special_seed":0,"potion_use_per_floor":[[],[],[],[],[],["Strength Potion"],[],[],[],[],["AttackPotion"],[],[],[],[],["FearPotion","FairyPotion"]],"relics":["Cracked Core","Vajra","Torii","Bag of Marbles","White Beast Statue","Omamori"],"potions_floor_usage":[11,16],"damage_taken":[{"damage":0.0,"enemies":"2 Louse","floor":1.0,"turns":2.0},{"damage":6.0,"enemies":"Small Slimes","floor":3.0,"turns":4.0},{"damage":0.0,"enemies":"Cultist","floor":5.0,"turns":2.0},{"damage":25.0,"enemies":"3 Sentries","floor":6.0,"turns":6.0},{"damage":14,"enemies":"Lagavulin","floor":8,"turns":6},{"damage":22,"enemies":"3 Sentries","floor":10,"turns":5},{"damage":0,"enemies":"Large Slime","floor":11,"turns":1},{"damage":1,"enemies":"Looter","floor":14,"turns":3},{"damage":48,"enemies":"Hexaghost","floor":16,"turns":9}],"seed_played":"1950706635360588361","neow_bonus_log":{"cardsObtained":[],"cardsUpgraded":[],"cardsRemoved":[],"cardsTransformed":[],"relicsObtained":[],"maxHpGained":0,"goldGained":100,"damageTaken":0,"goldLost":0,"maxHpLost":0},"potions_obtained":[{"floor":1.0,"key":"Energy Potion"},{"floor":5.0,"key":"FairyPotion"},{"floor":10,"key":"AttackPotion"},{"floor":11,"key":"FearPotion"}],"is_trial":false,"path_per_floor":["M","?","M","$","M","E","R","E","T","E","M","?","R","M","R","B"],"character_chosen":"DEFECT","basemod:card_modifiers":[null,null,null,null,null,null,null,null,null,null,null,null,null,null,null,null,null,null],"items_purchased":["Strength Potion","Vajra"],"campfire_rested":1,"item_purchase_floors":[4,4],"current_hp_per_floor":[64,69,63,63,63,38,38,24,24,2,2,2,24,23,23,0],"gold":417,"neow_bonus":"HUNDRED_GOLD","is_prod":false,"is_daily":false,"rewards_skipped":[{"floor":14,"relics":[],"potions":["ColorlessPotion"]}],"chose_seed":false,"campfire_upgraded":2,"win_rate":1,"floor_exit_playtime":[162,168,258,302,342,451,458,548,553,630,668,675,697,790,818],"timestamp":1702926576,"path_taken":["M","?","M","$","M","E","R","E","T","E","M","?","R","M","R","BOSS"],"build_version":"2022-12-01","purchased_purges":0,"victory":false,"max_hp_per_floor":[71,76,76,76,76,76,76,76,76,76,76,76,76,76,76,76],"relic_stats":{"Torii":21,"counters":[9,38],"Omamori":1,"obtain_stats":[{"Torii":6,"Vajra":4,"Bag of Marbles":8,"Omamori":10,"Cracked Core":0,"White Beast Statue":9},{"Torii":4,"Vajra":2,"Bag of Marbles":5,"Omamori":6,"Cracked Core":0,"White Beast Statue":5},{"Torii":14,"Vajra":6,"Bag of Marbles":20,"Omamori":25,"Cracked Core":0,"White Beast Statue":20}],"White Beast Statue":[0.0,0.0,0.06000000000000001,0.0,0.44000000000000006,0.0,0.44000000000000006,0.0,0.06000000000000001,0.0,0.0,1.5]},"card_choices":[{"not_picked":["Hello World","Leap"],"picked":"Beam Cell","floor":1.0},{"not_picked":["Turbo","Blizzard","Stack"],"picked":"SKIP","floor":3.0},{"not_picked":["Genetic Algorithm","Turbo"],"picked":"Rebound","floor":5.0},{"not_picked":["Recycle","Redo"],"picked":"Conserve Battery","floor":6.0},{"not_picked":["Amplify","Gash"],"picked":"Doom and Gloom","floor":8},{"not_picked":["Double Energy","Turbo"],"picked":"Reinforced Body","floor":10},{"not_picked":["Rebound","Sweeping Beam"],"picked":"Glacier","floor":11},{"not_picked":["Buffer","Leap"],"picked":"Gash","floor":14}],"player_experience":37971,"relics_obtained":[{"floor":6.0,"key":"Torii"},{"floor":8,"key":"Bag of Marbles"},{"floor":9,"key":"White Beast Statue"},{"floor":10,"key":"Omamori"}],"event_choices":[{"damage_healed":0.0,"max_hp_gain":5.0,"max_hp_loss":0.0,"gold_gain":0.0,"event_name":"Big Fish","player_choice":"Donut","floor":2.0,"gold_loss":0.0,"damage_taken":0.0},{"damage_healed":0,"gold_gain":275,"player_choice":"Desecrate","damage_taken":0,"max_hp_gain":0,"max_hp_loss":0,"event_name":"Golden Shrine","floor":12,"gold_loss":0,"cards_obtained":["Regret"]}],"is_beta":false,"boss_relics":[],"items_purged_floors":[],"is_endless":false,"potions_floor_spawned":[1,5,10,11,14],"killed_by":"Hexaghost","ascension_level":20,"potion_discard_per_floor":[[],[],[],[],["Energy Potion"],[],[],[],[],[],[],[],[],[],[],[]]}