{"neow_bonuses_skipped_log":["TRANSFORM_CARD","THREE_RARE_CARDS","BOSS_RELIC"],"potions_obtained_entropic_brew":[[],[],[],[],[],[],[],[],[],[],[],[],[],[],[],[],[],[],[],[],[],[],[],[],[],[],[],[]],"neow_costs_skipped_log":["NONE","PERCENT_DAMAGE","NONE"],"gold_per_floor":[111,111,131,146,66,66,99,117,117,117,136,136,167,228,228,300,300,316,327,327,417,437,437,449,462,462,290,290],"floor_reached":28,"playtime":1609,"items_purged":["Strike_B"],"score":460,"play_id":"4cc53615-a11d-4034-b271-a68cc3f32a1d","local_time":"20231221225038","score_breakdown":["Floors Climbed (28): 140","Enemies Slain (10): 20","Exordium Elites Killed (2): 20","City Elites Killed (0): 0","Bosses Slain (1): 50","Ascension (20): 230"],"is_ascension_mode":true,"potions_obtained_alchemize":[[],[],[],[],[],[],[],[],[],[],[],[],[],[],[],[],[],[],[],[],[],[],[],[],[],[],[],[]],"campfire_choices":[{"data":"Zap","floor":6.0,"key":"SMITH"},{"data":"Loop","floor":10.0,"key":"SMITH"},{"data":"Reinforced Body","floor":12.0,"key":"SMITH"},{"floor":15.0,"key":"REST"},{"data":"Sunder","floor":23.0,"key":"SMITH"}],"lesson_learned_per_floor":[[],[],[],[],[],[],[],[],[],[],[],[],[],[],[],[],[],[],[],[],[],[],[],[],[],[],[],[]],"neow_cost":"NONE","improvable_cards":{},"seed_source_timestamp":591718104558833,"shop_contents":[{"floor":5,"relics":["Mummified Hand","Juzu Bracelet","Runic Capacitor"],"cards":["Barrage","Hyperbeam","Double Energy","Storm","Impatience","Sadistic Nature"],"potions":["AttackPotion","Weak Potion","Explosive Potion"]},{"floor":27,"relics":["Sundial","Turnip","DollysMirror"],"cards":["Rip and Tear","Melter","Conserve Battery","Reinforced Body","Madness","Sadistic Nature"],"potions":["Strength Potion","FearPotion"]}],"circlet_count":0,"master_deck":["AscendersBane","Strike_B","Strike_B","Strike_B","Defend_B","Defend_B","Defend_B","Zap+1","Dualcast","Loop+1","Ball Lightning","Sweeping Beam","Reinforced Body+1","Cold Snap","Hologram","Seek","Seek","Sunder+1","Darkness","Static Discharge","Undo","Glacier+1","Coolheaded","Barrage+1","Capacitor"],"special_seed":0,"potion_use_per_floor":[[],[],[],[],[],[],["GamblersBrew"],[],[],[],["Regen Potion"],[],[],["AttackPotion"],[],[],[],[],[],[],[],[],[],["LiquidBronze"],[],[],[],[]],"relics":["Cracked Core","Vajra","Letter Opener","WingedGreaves","Mercury Hourglass","Symbiotic Virus","Coffee Dripper","Prayer Wheel"],"potions_floor_usage":[],"damage_taken":[{"damage":2.0,"enemies":"Jaw Worm","floor":1.0,"turns":3.0},{"damage":0.0,"enemies":"Cultist","floor":3.0,"turns":3.0},{"damage":0.0,"enemies":"Small Slimes","floor":4.0,"turns":2.0},{"damage":11.0,"enemies":"Gremlin Nob","floor":7.0,"turns":3.0},{"damage":6.0,"enemies":"Looter","floor":8.0,"turns":3.0},{"damage":2.0,"enemies":"Blue Slaver","floor":11.0,"turns":4.0},{"damage":18.0,"enemies":"3 Sentries","floor":13.0,"turns":5.0},{"damage":29.0,"enemies":"Lagavulin Event","floor":14.0,"turns":4.0},{"damage":11.0,"enemies":"Slime Boss","floor":16.0,"turns":4.0},{"damage":6.0,"enemies":"2 Thieves","floor":18.0,"turns":3.0},{"damage":4.0,"enemies":"Shell Parasite","floor":19.0,"turns":4.0},{"damage":4.0,"enemies":"3 Cultists","floor":22.0,"turns":4.0},{"damage":12.0,"enemies":"Snake Plant","floor":24.0,"turns":3.0},{"damage":0,"enemies":"Chosen and Byrds","floor":25,"turns":3}],"seed_played":"-2080347829110449076","neow_bonus_log":{"cardsObtained":[],"cardsUpgraded":[],"cardsRemoved":[],"cardsTransformed":[],"relicsObtained":["Vajra"],"maxHpGained":0,"goldGained":0,"damageTaken":0,"goldLost":0,"maxHpLost":0},"potions_obtained":[{"floor":1.0,"key":"Regen Potion"},{"floor":3.0,"key":"GamblersBrew"},{"floor":8.0,"key":"AttackPotion"},{"floor":16.0,"key":"LiquidBronze"},{"floor":18.0,"key":"Explosive Potion"}],"is_trial":false,"path_per_floor":["M","?","M","M","$","R","E","M","T","R","M","R","E","?","R","B",null,"M","M","T","?","M","R","M","M","T","$","?"],"character_chosen":"DEFECT","basemod:card_modifiers":[null,null,null,null,null,null,null,null,null,null,null,null,null,null,null,null,null,null,null,null,null,null,null,null,null],"items_purchased":["Reinforced Body","Capacitor","FocusPotion"],"campfire_rested":1,"item_purchase_floors":[5,27,27],"current_hp_per_floor":[62,62,62,62,62,62,51,45,45,45,55,55,37,8,29,18,58,52,48,48,36,32,32,20,20,20,20,0],"gold":290,"neow_bonus":"RANDOM_COMMON_RELIC","is_prod":false,"is_daily":false,"rewards_skipped":[{"floor":22,"relics":[],"potions":["SpeedPotion"]}],"chose_seed":false,"campfire_upgraded":4,"win_rate":0,"floor_exit_playtime":[185,194,231,254,315,322,391,454,464,477,542,562,660,761,766,826,926,1024,1142,1145,1168,1305,1352,1412,1497,1524,1605],"timestamp":1703217038,"blue_key_relic_skipped_log":{"floor":26,"relicID":"Molten Egg 2"},"path_taken":["M","?","M","M","$","R","E","M","T","R","M","R","E","?","R","BOSS","M","?","?","?","M","R","M","M","T","$","?"],"build_version":"2022-12-01","purchased_purges":1,"victory":false,"max_hp_per_floor":[71,71,71,71,71,71,71,71,71,71,71,71,71,71,71,71,71,71,71,71,71,71,71,71,71,71,71,76],"relic_stats":{"counters":[14,47],"Prayer Wheel":3,"WingedGreaves":1,"Letter Opener":[56],"obtain_stats":[{"Vajra":0,"Prayer Wheel":20,"WingedGreaves":9,"Coffee Dripper":17,"Letter Opener":7,"Cracked Core":0,"Symbiotic Virus":14,"Mercury Hourglass":13},{"Vajra":0,"Prayer Wheel":11,"WingedGreaves":5,"Coffee Dripper":9,"Letter Opener":4,"Cracked Core":0,"Symbiotic Virus":8,"Mercury Hourglass":7},{"Vajra":0,"Prayer Wheel":37,"WingedGreaves":14,"Coffee Dripper":30,"Letter Opener":11,"Cracked Core":0,"Symbiotic Virus":26,"Mercury Hourglass":23}],"Mercury Hourglass":[93]},"card_choices":[{"not_picked":["Barrage","Static Discharge"],"picked":"Loop","floor":1.0},{"not_picked":["Reprogram","Storm"],"picked":"Ball Lightning","floor":3.0},{"not_picked":["Turbo","Blizzard"],"picked":"Sweeping Beam","floor":4.0},{"not_picked":["Chaos","White Noise"],"picked":"Cold Snap","floor":7.0},{"not_picked":["Scrape","Lockon","Leap"],"picked":"SKIP","floor":8.0},{"not_picked":["Chaos","Gash","Leap"],"picked":"SKIP","floor":11.0},{"not_picked":["Skim","Ball Lightning"],"picked":"Hologram","floor":13.0},{"not_picked":["Cold Snap","Streamline"],"picked":"Seek","floor":14.0},{"not_picked":["All For One","Multi-Cast"],"picked":"Seek","floor":16.0},{"not_picked":["Steam Power","Cold Snap"],"picked":"Sunder","floor":18.0},{"not_picked":["Sweeping Beam","Storm"],"picked":"Darkness","floor":19.0},{"not_picked":["Capacitor","Blizzard+1"],"picked":"Static Discharge","floor":22.0},{"not_picked":["Leap","Streamline"],"picked":"Undo","floor":22.0},{"not_picked":["Coolheaded","Leap"],"picked":"Glacier+1","floor":24.0},{"not_picked":["Heatsinks","Hologram"],"picked":"Coolheaded","floor":24.0},{"not_picked":["Rebound","Cold Snap"],"picked":"Barrage+1","floor":25},{"not_picked":["Sweeping Beam","All For One","Barrage"],"picked":"SKIP","floor":25}],"player_experience":43751,"relics_obtained":[{"floor":7.0,"key":"Letter Opener"},{"floor":9.0,"key":"WingedGreaves"},{"floor":13.0,"key":"Mercury Hourglass"},{"floor":14.0,"key":"Symbiotic Virus"},{"floor":20.0,"key":"Prayer Wheel"}],"event_choices":[{"cards_removed":["Defend_B"],"damage_healed":0.0,"max_hp_gain":0.0,"max_hp_loss":0.0,"gold_gain":0.0,"event_name":"Bonfire Elementals","player_choice":"Offered Basic","floor":2.0,"gold_loss":0.0,"damage_taken":0.0},{"damage_healed":0.0,"max_hp_gain":0.0,"max_hp_loss":0.0,"gold_gain":0.0,"event_name":"Dead Adventurer","player_choice":"Searched \u00271\u0027 times","floor":14.0,"gold_loss":0.0,"damage_taken":0.0},{"damage_healed":0.0,"max_hp_gain":0.0,"max_hp_loss":0.0,"gold_gain":90.0,"event_name":"Knowing Skull","player_choice":"GOLD ","floor":21.0,"potions_obtained":[],"gold_loss":0.0,"damage_taken":12.0,"cards_obtained":[]}],"is_beta":false,"boss_relics":[{"not_picked":["Busted Crown","Nuclear Battery"],"picked":"Coffee Dripper"}],"items_purged_floors":[27],"is_endless":false,"potions_floor_spawned":[1,3,8,16,18,22],"ascension_level":20,"potion_discard_per_floor":[[],[],[],[],[],[],[],[],[],[],[],[],[],[],[],[],[],[],[],[],[],[],[],[],[],[],[],[]]}