{"neow_bonuses_skipped_log":["TEN_PERCENT_HP_BONUS","ONE_RARE_RELIC","BOSS_RELIC"],"neow_costs_skipped_log":["NONE","NO_GOLD","NONE"],"potions_obtained_entropic_brew":[[],[],[],[],[],[],[],[],[],[],[],[],[],[],[],[],[],[],[],[],[],[],[],[],[],[],[],[],[],[],[],[],[],[],[],[],[],[],[],[],[],[],[],[],[],[],[],[],[],[],[],[],[],[],[],[]],"gold_per_floor":[115,127,140,28,28,61,61,93,169,189,217,217,217,242,242,340,340,323,2,2,21,21,21,40,58,58,93,93,126,175,175,175,274,274,302,329,354,415,436,436,436,168,168,189,189,207,246,270,270,270,270,270,270,2,33,33],"floor_reached":56,"playtime":10780,"items_purged":["Strike_B","Strike_B","Defend_B"],"score":2103,"play_id":"c045f172-c6f8-49a0-85b1-4d7725d314d1","local_time":"20231226214340","score_breakdown":["Floors Climbed (56): 280","Enemies Slain (17): 34","Exordium Elites Killed (3): 30","City Elites Killed (2): 40","Beyond Elites Killed (1): 30","Bosses Slain (4): 500","Money Money (1032): 25","Stuffed: 50","Champion (1): 25","Perfect (1): 50","C-c-c-combo: 25","Ascension (20): 1014"],"is_ascension_mode":true,"potions_obtained_alchemize":[[],[],[],[],[],[],[],[],[],[],[],[],[],[],[],[],[],[],[],[],[],[],[],[],[],[],[],[],[],[],[],[],[],[],[],[],[],[],[],[],[],[],[],[],[],[],[],[],[],[],[],[],[],[],[],[]],"campfire_choices":[{"data":"Zap","floor":7.0,"key":"SMITH"},{"data":"Coolheaded","floor":13,"key":"SMITH"},{"data":"Recycle","floor":15,"key":"SMITH"},{"data":"Self Repair","floor":23,"key":"SMITH"},{"data":"Dualcast","floor":28,"key":"SMITH"},{"data":"Meteor Strike","floor":32,"key":"SMITH"},{"floor":40,"key":"RECALL"},{"data":"Go for the Eyes","floor":49,"key":"SMITH"},{"floor":53,"key":"REST"}],"lesson_learned_per_floor":[[],[],[],[],[],[],[],[],[],[],[],[],[],[],[],[],[],[],[],[],[],[],[],[],[],[],[],[],[],[],[],[],[],[],[],[],[],[],[],[],[],[],[],[],[],[],[],[],[],[],[],[],[],[],[],[]],"neow_cost":"NONE","improvable_cards":{"Genetic Algorithm+1":[106,94]},"seed_source_timestamp":83778347738791,"shop_contents":[{"floor":4,"relics":["Meat on the Bone","Letter Opener","Sling"],"cards":["FTL","Conserve Battery","Coolheaded","Heatsinks","Blind","Secret Technique"],"potions":["LiquidMemories","AttackPotion"]},{"floor":19,"relics":["Bottled Tornado","Shovel"],"cards":["Hyperbeam","Ball Lightning","Steam+1","Conserve Battery+1","Self Repair","Good Instincts+1","Master of Strategy+1"],"potions":["Regen Potion","PotionOfCapacity"]},{"floor":42,"relics":["Bottled Lightning","Peace Pipe"],"cards":["Ball Lightning","Barrage","Steam+1","Leap+1","Defragment","Bandage Up+1","Master of Strategy+1"],"potions":["Ancient Potion","SpeedPotion","Ancient Potion"]},{"floor":54,"relics":["Symbiotic Virus","TungstenRod"],"cards":["Sweeping Beam","Blizzard","Darkness+1","Storm","Impatience+1","Apotheosis+1"],"potions":["Dexterity Potion","Strength Potion"]}],"circlet_count":0,"master_deck":["AscendersBane","Defend_B","Defend_B","Defend_B","Zap+1","Dualcast+1","Coolheaded+1","Recycle+1","Self Repair+1","Ball Lightning","Compile Driver","Turbo+1","Seek+1","Genetic Algorithm+1","Meteor Strike+1","BootSequence+1","Static Discharge","Aggregate+1","Genetic Algorithm+1","Hologram+1","Barrage+1","Echo Form","Compile Driver+1","Go for the Eyes+1","Steam Power+1","Stack+1"],"special_seed":0,"potion_use_per_floor":[[],[],[],[],[],[],[],[],[],[],["Energy Potion"],[],[],[],[],[],[],["Block Potion"],[],[],[],[],[],[],[],[],["LiquidMemories"],[],["EssenceOfSteel"],[],[],[],["LiquidBronze"],[],["Fire Potion"],[],[],["Swift Potion"],[],[],[],[],[],[],[],[],[],[],[],[],["Fire Potion"],[],[],[],["LiquidMemories"],["FocusPotion"]],"relics":["Cracked Core","PreservedInsect","Toxic Egg 2","Singing Bowl","Gremlin Horn","Bag of Preparation","Golden Idol","Runic Pyramid","OrangePellets","Nilry\u0027s Codex","Pen Nib","CeramicFish","Mango","Pear","Nuclear Battery","Pocketwatch","Frozen Eye","Akabeko","Membership Card","Mercury Hourglass"],"potions_floor_usage":[11,18,27,29,33,35,38,51,55,56],"damage_taken":[{"damage":0.0,"enemies":"Cultist","floor":1.0,"turns":3.0},{"damage":2.0,"enemies":"Small Slimes","floor":2.0,"turns":4.0},{"damage":11.0,"enemies":"2 Louse","floor":3.0,"turns":3.0},{"damage":8.0,"enemies":"Gremlin Nob","floor":6.0,"turns":3.0},{"damage":28.0,"enemies":"3 Sentries","floor":8.0,"turns":6.0},{"damage":1.0,"enemies":"Looter","floor":10.0,"turns":3.0},{"damage":7,"enemies":"Gremlin Nob","floor":11,"turns":3},{"damage":0,"enemies":"2 Fungi Beasts","floor":14,"turns":3},{"damage":19,"enemies":"The Guardian","floor":16,"turns":15},{"damage":10,"enemies":"2 Thieves","floor":18,"turns":4},{"damage":0,"enemies":"Spheric Guardian","floor":21,"turns":4},{"damage":0,"enemies":"Shelled Parasite and Fungi","floor":24,"turns":5},{"damage":0,"enemies":"Snecko","floor":25,"turns":5},{"damage":4,"enemies":"Book of Stabbing","floor":27,"turns":5},{"damage":2,"enemies":"Snake Plant","floor":29,"turns":3},{"damage":22,"enemies":"Gremlin Leader","floor":30,"turns":6},{"damage":0,"enemies":"Champ","floor":33,"turns":9},{"damage":0,"enemies":"3 Shapes","floor":35,"turns":3},{"damage":21,"enemies":"3 Darklings","floor":36,"turns":6},{"damage":0,"enemies":"Maw","floor":37,"turns":7},{"damage":5,"enemies":"2 Orb Walkers","floor":38,"turns":5},{"damage":0,"enemies":"Sphere and 2 Shapes","floor":39,"turns":5},{"damage":0,"enemies":"Writhing Mass","floor":44,"turns":4},{"damage":7,"enemies":"3 Darklings","floor":46,"turns":4},{"damage":0,"enemies":"Reptomancer","floor":47,"turns":5},{"damage":5,"enemies":"Spire Growth","floor":48,"turns":5},{"damage":21,"enemies":"Awakened One","floor":50,"turns":12},{"damage":85,"enemies":"Donu and Deca","floor":51,"turns":10},{"damage":16,"enemies":"Shield and Spear","floor":55,"turns":5},{"damage":105,"enemies":"The Heart","floor":56,"turns":8}],"green_key_taken_log":47,"seed_played":"3073268242528293215","neow_bonus_log":{"cardsObtained":[],"cardsUpgraded":[],"cardsRemoved":[],"cardsTransformed":[],"relicsObtained":[],"maxHpGained":0,"goldGained":0,"damageTaken":0,"goldLost":0,"maxHpLost":0},"potions_obtained":[{"floor":3.0,"key":"Swift Potion"},{"floor":6.0,"key":"LiquidBronze"},{"floor":10,"key":"Energy Potion"},{"floor":14,"key":"CultistPotion"},{"floor":16,"key":"Block Potion"},{"floor":27,"key":"EssenceOfSteel"},{"floor":30,"key":"LiquidBronze"},{"floor":33,"key":"Swift Potion"},{"floor":37,"key":"LiquidMemories"},{"floor":38,"key":"Fire Potion"}],"is_trial":false,"path_per_floor":["M","M","M","$","?","E","R","E","T","M","E","?","R","M","R","B",null,"M","$","?","M","?","R","M","M","T","E","R","M","E","T","R","B",null,"M","M","M","?","M","R","?","$","T","M","?","M","E","M","R","B","B",null,"R","$","E","B"],"character_chosen":"DEFECT","basemod:card_modifiers":[null,null,null,null,null,null,null,null,null,null,null,null,null,null,null,null,null,null,null,null,null,null,null,null,null,null],"items_purchased":["Fire Potion","Compile Driver","OrangePellets","LiquidMemories","Frozen Eye","Membership Card","Stack+1","FocusPotion"],"campfire_rested":1,"item_purchase_floors":[4,4,19,19,42,54,54,54],"current_hp_per_floor":[64,62,58,58,58,57,57,36,36,35,35,35,35,44,44,32,58,55,55,55,64,43,43,53,65,65,72,72,72,74,84,84,94,96,96,95,98,100,102,102,102,102,102,104,99,101,103,103,103,102,37,87,103,103,105,0],"gold":33,"neow_bonus":"THREE_CARDS","is_prod":false,"is_daily":false,"rewards_skipped":[{"floor":48,"relics":[],"potions":["PotionOfCapacity"]}],"chose_seed":false,"campfire_upgraded":7,"win_rate":0,"floor_exit_playtime":[191,242,294,351,365,412,421,600,604,660,741,755,764,842,851,1235,1288,1469,1557,1591,1923,1939,1990,2198,2403,2418,2702,2716,2867,3227,3233,3259,4077,4257,4442,5112,5470,5734,5975,5981,5987,6052,6069,6351,6435,6678,7039,7305,7315,8500,9176,9189,9200,9270,9923],"timestamp":1703645020,"blue_key_relic_skipped_log":{"floor":43,"relicID":"Shuriken"},"path_taken":["M","M","M","$","?","E","R","E","T","M","E","?","R","M","R","BOSS","M","$","?","?","?","R","M","M","T","E","R","?","E","?","R","BOSS","M","M","M","?","M","R","?","?","T","M","?","M","E","M","R","BOSS","BOSS","R","$","E","BOSS"],"build_version":"2022-12-01","purchased_purges":3,"victory":false,"max_hp_per_floor":[71,71,71,71,71,71,71,71,71,71,71,64,64,66,66,66,66,66,66,66,68,68,68,68,70,70,72,72,72,86,96,96,96,96,96,96,98,100,102,102,102,102,102,104,99,101,103,103,103,103,103,103,103,103,105,105],"relic_stats":{"Singing Bowl":22,"Gremlin Horn":[28,30],"counters":[30,163],"Golden Idol":171,"Nilry\u0027s Codex":[4,16,25,48],"CeramicFish":63,"PreservedInsect":322,"Pen Nib":[25],"Bag of Preparation":[46],"Mercury Hourglass":[24],"OrangePellets":[16],"Frozen Eye":428.2274,"Membership Card":102,"obtain_stats":[{"Pear":31,"Singing Bowl":8,"Gremlin Horn":9,"Golden Idol":12,"Nilry\u0027s Codex":22,"CeramicFish":27,"Mango":30,"PreservedInsect":5,"Pen Nib":26,"Bag of Preparation":11,"Akabeko":47,"Nuclear Battery":34,"Mercury Hourglass":55,"OrangePellets":19,"Frozen Eye":42,"Membership Card":54,"Toxic Egg 2":6,"Cracked Core":0,"Runic Pyramid":17,"Pocketwatch":38},{"Pear":16,"Singing Bowl":5,"Gremlin Horn":5,"Golden Idol":7,"Nilry\u0027s Codex":11,"CeramicFish":14,"Mango":16,"PreservedInsect":3,"Pen Nib":13,"Bag of Preparation":7,"Akabeko":25,"Nuclear Battery":17,"Mercury Hourglass":29,"OrangePellets":10,"Frozen Eye":22,"Membership Card":28,"Toxic Egg 2":4,"Cracked Core":0,"Runic Pyramid":9,"Pocketwatch":21},{"Pear":75,"Singing Bowl":19,"Gremlin Horn":19,"Golden Idol":25,"Nilry\u0027s Codex":51,"CeramicFish":66,"Mango":75,"PreservedInsect":10,"Pen Nib":61,"Bag of Preparation":25,"Akabeko":123,"Nuclear Battery":84,"Mercury Hourglass":155,"OrangePellets":47,"Frozen Eye":110,"Membership Card":150,"Toxic Egg 2":13,"Cracked Core":0,"Runic Pyramid":43,"Pocketwatch":105}],"Pocketwatch":[4]},"card_choices":[{"not_picked":["Gash","Conserve Battery"],"picked":"Coolheaded","floor":0.0},{"not_picked":["Chaos","Sunder"],"picked":"Recycle","floor":1.0},{"not_picked":["White Noise","Beam Cell"],"picked":"Self Repair","floor":2.0},{"not_picked":["Gash","Rebound"],"picked":"Ball Lightning","floor":3.0},{"not_picked":["Gash","Compile Driver","Thunder Strike"],"picked":"SKIP","floor":6.0},{"not_picked":["Compile Driver","Sweeping Beam"],"picked":"Turbo+1","floor":8.0},{"not_picked":["Sweeping Beam","Chaos+1"],"picked":"Seek+1","floor":10},{"not_picked":["Go for the Eyes","Beam Cell"],"picked":"Genetic Algorithm+1","floor":11},{"not_picked":["Ball Lightning","Gash","Go for the Eyes"],"picked":"Singing Bowl","floor":14},{"not_picked":["Core Surge","Amplify+1"],"picked":"Meteor Strike","floor":16},{"not_picked":["Streamline+1","Steam+1"],"picked":"BootSequence+1","floor":18},{"not_picked":["Gash","Darkness+1","Steam+1"],"picked":"Singing Bowl","floor":21},{"not_picked":["Streamline","Beam Cell"],"picked":"Genetic Algorithm+1","floor":24},{"not_picked":["Rebound","Gash","Stack+1"],"picked":"Singing Bowl","floor":25},{"not_picked":["Cold Snap","Gash+1","Ball Lightning"],"picked":"Singing Bowl","floor":27},{"not_picked":["Barrage","Scrape+1"],"picked":"Hologram+1","floor":29},{"not_picked":["Gash","Cold Snap"],"picked":"Barrage+1","floor":30},{"not_picked":["Rainbow+1","Creative AI"],"picked":"Echo Form","floor":33},{"not_picked":["White Noise+1","Redo+1"],"picked":"Compile Driver+1","floor":35},{"not_picked":["Turbo+1","BootSequence+1"],"picked":"Go for the Eyes","floor":36},{"not_picked":["Conserve Battery+1","Glacier+1","Cold Snap"],"picked":"Singing Bowl","floor":37},{"not_picked":["Auto Shields+1","Reprogram+1","Static Discharge"],"picked":"Singing Bowl","floor":38},{"not_picked":["Hologram+1","Steam+1","Scrape"],"picked":"Singing Bowl","floor":39},{"not_picked":["Beam Cell","Aggregate+1","Consume+1"],"picked":"Singing Bowl","floor":44},{"not_picked":["Darkness+1","Biased Cognition","Stack+1"],"picked":"Singing Bowl","floor":46},{"not_picked":["Capacitor+1","Compile Driver","Steam Power+1"],"picked":"Singing Bowl","floor":47},{"not_picked":["Darkness+1","Conserve Battery+1"],"picked":"Steam Power+1","floor":48},{"not_picked":["Sweeping Beam","Ball Lightning+1","Consume+1"],"picked":"Singing Bowl","floor":55}],"player_experience":72737,"relics_obtained":[{"floor":6.0,"key":"Toxic Egg 2"},{"floor":8.0,"key":"Singing Bowl"},{"floor":9.0,"key":"Gremlin Horn"},{"floor":11,"key":"Bag of Preparation"},{"floor":22,"key":"Nilry\u0027s Codex"},{"floor":26,"key":"Pen Nib"},{"floor":27,"key":"CeramicFish"},{"floor":30,"key":"Mango"},{"floor":31,"key":"Pear"},{"floor":38,"key":"Pocketwatch"},{"floor":47,"key":"Akabeko"},{"floor":55,"key":"Mercury Hourglass"}],"event_choices":[{"damage_healed":0.0,"max_hp_gain":0.0,"max_hp_loss":0.0,"gold_gain":0.0,"event_name":"WeMeetAgain","player_choice":"Gave Potion","floor":5.0,"gold_loss":0.0,"damage_taken":0.0,"relics_obtained":["PreservedInsect"]},{"damage_healed":0,"gold_gain":0,"player_choice":"Lose Max HP","damage_taken":0,"relics_obtained":["Golden Idol"],"max_hp_gain":0,"max_hp_loss":7,"event_name":"Golden Idol","floor":12,"gold_loss":0},{"damage_healed":0,"gold_gain":0,"cards_transformed":["Strike_B","Strike_B"],"player_choice":"Became Test Subject","damage_taken":0,"max_hp_gain":0,"max_hp_loss":0,"event_name":"Drug Dealer","floor":20,"gold_loss":0,"cards_obtained":["Static Discharge","Aggregate"]},{"damage_healed":0,"gold_gain":0,"player_choice":"Obtained Book","damage_taken":21,"max_hp_gain":0,"max_hp_loss":0,"event_name":"Cursed Tome","floor":22,"gold_loss":0},{"damage_healed":0,"gold_gain":0,"player_choice":"Fight","damage_taken":0,"max_hp_gain":0,"max_hp_loss":0,"event_name":"Mysterious Sphere","floor":38,"gold_loss":0},{"damage_healed":0,"gold_gain":0,"player_choice":"Ignored","damage_taken":0,"max_hp_gain":0,"max_hp_loss":0,"event_name":"SecretPortal","floor":41,"gold_loss":0},{"damage_healed":0,"gold_gain":0,"player_choice":"Max HP","damage_taken":0,"max_hp_gain":0,"max_hp_loss":5,"event_name":"Winding Halls","floor":45,"gold_loss":0}],"is_beta":false,"boss_relics":[{"not_picked":["SlaversCollar","Cursed Key"],"picked":"Runic Pyramid"},{"not_picked":["Snecko Eye","Sozu"],"picked":"Nuclear Battery"}],"items_purged_floors":[19,42,54],"is_endless":false,"potions_floor_spawned":[3,6,10,14,16,27,30,33,37,38,48],"killed_by":"The Heart","ascension_level":20,"potion_discard_per_floor":[[],[],[],[],[],[],[],[],[],["LiquidBronze"],[],[],[],[],[],["CultistPotion"],[],[],[],[],[],[],[],[],[],[],[],[],[],[],[],[],[],[],[],[],[],[],[],[],[],[],[],[],[],[],[],[],[],[],[],[],[],[],[],[]]}