{"neow_bonuses_skipped_log":["TEN_PERCENT_HP_BONUS"],"potions_obtained_entropic_brew":[[],[],[],[],[],[],[],[],[],[],[],[],[],[],[],[],[],[],[],[],[],[],[],[]],"neow_costs_skipped_log":["NONE"],"gold_per_floor":[114,39,55,0,0,25,25,36,36,68,86,86,97,97,97,169,169,189,205,222,232,38,87,87],"floor_reached":24,"playtime":1492,"items_purged":[],"score":556,"play_id":"3767b79c-f246-4e1f-8ab9-0ec05e09a507","local_time":"20231224203304","score_breakdown":["Floors Climbed (24): 120","Enemies Slain (9): 18","Exordium Elites Killed (2): 20","City Elites Killed (1): 20","Bosses Slain (1): 50","Champion (2): 50","Ascension (20): 278"],"is_ascension_mode":true,"potions_obtained_alchemize":[[],[],[],[],[],[],[],[],[],[],[],[],[],[],[],[],[],[],[],[],[],[],[],[]],"campfire_choices":[{"data":"Hyperbeam","floor":7.0,"key":"SMITH"},{"data":"Hologram","floor":12.0,"key":"SMITH"},{"data":"Beam Cell","floor":15.0,"key":"SMITH"}],"lesson_learned_per_floor":[[],[],[],[],[],[],[],[],[],[],[],[],[],[],[],[],[],[],[],[],[],[],[],[]],"neow_cost":"NONE","improvable_cards":{},"seed_source_timestamp":0,"shop_contents":[{"floor":4,"relics":["Bag of Preparation","Lizard Tail","ClockworkSouvenir"],"cards":["Lockon","Rebound","Skim","Auto Shields","Capacitor","PanicButton","Chrysalis"],"potions":["AttackPotion","GamblersBrew"]},{"floor":22,"relics":["Pen Nib","Letter Opener","Medical Kit"],"cards":["Beam Cell","Cold Snap","Leap","Steam","Heatsinks","Mind Blast"],"potions":["Dexterity Potion","DistilledChaos","SteroidPotion"]}],"circlet_count":0,"master_deck":["AscendersBane","Strike_B","Strike_B","Strike_B","Defend_B","Defend_B+1","Defend_B+1","Defend_B","Zap","Dualcast","Hologram+1","Rebound","Hyperbeam+1","Beam Cell+1","Conserve Battery","Coolheaded","Skim","Reboot","Self Repair","White Noise+1","Go for the Eyes","HandOfGreed","Steam"],"special_seed":0,"potion_use_per_floor":[[],[],[],[],[],[],[],[],[],["Fire Potion"],[],[],[],[],[],[],[],[],[],[],["LiquidMemories"],[],[],["Weak Potion"]],"relics":["Cracked Core","NeowsBlessing","Akabeko","Matryoshka","Centennial Puzzle","Runic Pyramid","Ornamental Fan"],"potions_floor_usage":[24],"damage_taken":[{"damage":0.0,"enemies":"2 Louse","floor":1.0,"turns":1.0},{"damage":0.0,"enemies":"Cultist","floor":3.0,"turns":1.0},{"damage":0.0,"enemies":"Lagavulin","floor":6.0,"turns":1.0},{"damage":0.0,"enemies":"Small Slimes","floor":8.0,"turns":1.0},{"damage":0.0,"enemies":"Gremlin Nob","floor":10.0,"turns":2.0},{"damage":3.0,"enemies":"Blue Slaver","floor":11.0,"turns":2.0},{"damage":5.0,"enemies":"Exordium Thugs","floor":13.0,"turns":2.0},{"damage":10.0,"enemies":"The Guardian","floor":16.0,"turns":13.0},{"damage":5.0,"enemies":"3 Byrds","floor":18.0,"turns":3.0},{"damage":15.0,"enemies":"2 Thieves","floor":19.0,"turns":2.0},{"damage":0.0,"enemies":"Centurion and Healer","floor":20.0,"turns":4.0},{"damage":1.0,"enemies":"Cultist and Chosen","floor":21.0,"turns":3.0},{"damage":35.0,"enemies":"Slavers","floor":23.0,"turns":4.0},{"damage":32,"enemies":"Snecko","floor":24,"turns":5}],"green_key_taken_log":10,"seed_played":"560116260352251916","neow_bonus_log":{"cardsObtained":[],"cardsUpgraded":[],"cardsRemoved":[],"cardsTransformed":[],"relicsObtained":["NeowsBlessing"],"maxHpGained":0,"goldGained":0,"damageTaken":0,"goldLost":0,"maxHpLost":0},"potions_obtained":[{"floor":8.0,"key":"FocusPotion"},{"floor":10.0,"key":"LiquidMemories"},{"floor":23.0,"key":"Weak Potion"}],"is_trial":false,"path_per_floor":["M","?","M","$","?","E","R","M","T","E","M","R","M","?","R","B",null,"M","M","M","M","$","E","M"],"character_chosen":"DEFECT","basemod:card_modifiers":[null,null,null,null,null,null,null,null,null,null,null,null,null,null,null,null,null,null,null,null,null,null,null],"items_purchased":["Fire Potion","HandOfGreed"],"campfire_rested":0,"item_purchase_floors":[4,22],"current_hp_per_floor":[64,64,64,64,43,43,43,43,43,43,40,40,35,35,35,25,60,55,40,47,53,53,32,0],"gold":87,"neow_bonus":"THREE_ENEMY_KILL","is_prod":false,"is_daily":false,"rewards_skipped":[{"floor":13,"relics":[],"potions":["Swift Potion"]},{"floor":16,"relics":[],"potions":["Swift Potion"]}],"chose_seed":false,"campfire_upgraded":3,"win_rate":0,"floor_exit_playtime":[40,48,63,71,75,86,99,160,164,198,222,233,268,272,310,566,627,802,854,921,1023,1090,1337],"timestamp":1703467984,"path_taken":["M","?","?","?","?","E","R","M","T","E","M","R","?","?","R","BOSS","M","?","M","?","$","E","M"],"build_version":"2022-12-01","purchased_purges":0,"victory":false,"max_hp_per_floor":[71,71,71,71,71,71,71,71,71,71,71,71,71,71,71,71,71,71,71,71,71,71,71,71],"relic_stats":{"Centennial Puzzle":[23],"Matryoshka":0,"counters":[14,44],"Ornamental Fan":[0],"obtain_stats":[{"Centennial Puzzle":10,"Matryoshka":9,"NeowsBlessing":0,"Ornamental Fan":23,"Cracked Core":0,"Akabeko":6,"Runic Pyramid":17},{"Centennial Puzzle":5,"Matryoshka":4,"NeowsBlessing":0,"Ornamental Fan":13,"Cracked Core":0,"Akabeko":3,"Runic Pyramid":8},{"Centennial Puzzle":6,"Matryoshka":4,"NeowsBlessing":0,"Ornamental Fan":39,"Cracked Core":0,"Akabeko":3,"Runic Pyramid":23}]},"card_choices":[{"not_picked":["Chaos","Turbo"],"picked":"Hologram","floor":1.0},{"not_picked":["Compile Driver","Lockon"],"picked":"Rebound","floor":3.0},{"not_picked":["Static Discharge","Streamline"],"picked":"Hyperbeam","floor":6.0},{"not_picked":["Streamline","Ball Lightning"],"picked":"Beam Cell","floor":8.0},{"not_picked":["Go for the Eyes","Buffer"],"picked":"Conserve Battery","floor":10.0},{"not_picked":["White Noise","Recycle"],"picked":"Coolheaded","floor":11.0},{"not_picked":["Redo","Leap"],"picked":"Skim","floor":13.0},{"not_picked":["Buffer","All For One"],"picked":"Reboot","floor":16.0},{"not_picked":["Fusion","Cold Snap","Barrage"],"picked":"SKIP","floor":18.0},{"not_picked":["Auto Shields","Aggregate"],"picked":"Self Repair","floor":19.0},{"not_picked":["Gash","Conserve Battery+1"],"picked":"White Noise+1","floor":20.0},{"not_picked":["Sweeping Beam","Stack"],"picked":"Go for the Eyes","floor":21.0},{"not_picked":["Stack","Machine Learning"],"picked":"Steam","floor":23.0}],"player_experience":68595,"relics_obtained":[{"floor":6.0,"key":"Akabeko"},{"floor":9.0,"key":"Matryoshka"},{"floor":10.0,"key":"Centennial Puzzle"},{"floor":23.0,"key":"Ornamental Fan"}],"event_choices":[{"cards_removed":["Strike_B"],"damage_healed":0.0,"max_hp_gain":0.0,"max_hp_loss":0.0,"gold_gain":0.0,"event_name":"The Cleric","player_choice":"Card Removal","floor":2.0,"gold_loss":75.0,"damage_taken":0.0},{"damage_healed":0.0,"max_hp_gain":0.0,"max_hp_loss":0.0,"gold_gain":0.0,"event_name":"Shining Light","player_choice":"Entered Light","floor":5.0,"gold_loss":0.0,"damage_taken":21.0,"cards_upgraded":["Defend_B","Defend_B"]},{"damage_healed":0.0,"max_hp_gain":0.0,"max_hp_loss":0.0,"gold_gain":0.0,"event_name":"Liars Game","player_choice":"Ignored","floor":14.0,"gold_loss":0.0,"damage_taken":0.0}],"is_beta":false,"boss_relics":[{"not_picked":["Velvet Choker","Busted Crown"],"picked":"Runic Pyramid"}],"items_purged_floors":[],"is_endless":false,"potions_floor_spawned":[8,10,13,16,23],"killed_by":"Snecko","ascension_level":20,"potion_discard_per_floor":[[],[],[],[],[],[],[],[],[],[],[],[],[],[],[],[],[],[],[],[],[],[],[],[]]}