{"neow_bonuses_skipped_log":["RANDOM_COLORLESS","HUNDRED_GOLD","BOSS_RELIC"],"neow_costs_skipped_log":["NONE","NONE","NONE"],"potions_obtained_entropic_brew":[[],[],[],[],[],[]],"gold_per_floor":[112,128,140,150,100,100],"floor_reached":6,"playtime":433,"items_purged":[],"score":76,"play_id":"30d1a7f8-fccd-4732-a4e4-fc5281c0866a","local_time":"20231224190408","score_breakdown":["Floors Climbed (6): 30","Enemies Slain (4): 8","Exordium Elites Killed (0): 0","Bosses Slain (0): 0","Ascension (20): 38"],"is_ascension_mode":true,"potions_obtained_alchemize":[[],[],[],[],[],[]],"campfire_choices":[],"lesson_learned_per_floor":[[],[],[],[],[],[]],"neow_cost":"CURSE","improvable_cards":{},"seed_source_timestamp":26992268768542,"shop_contents":[],"circlet_count":0,"master_deck":["AscendersBane","Strike_B","Strike_B","Strike_B","Strike_B","Defend_B","Defend_B","Defend_B","Defend_B","Zap","Dualcast","Regret","Master of Strategy","Self Repair","Compile Driver","Hologram","Gash"],"special_seed":0,"potion_use_per_floor":[[],[],[],["ColorlessPotion"],[],[]],"relics":["Cracked Core"],"potions_floor_usage":[4],"damage_taken":[{"damage":15.0,"enemies":"Small Slimes","floor":1.0,"turns":5.0},{"damage":5.0,"enemies":"Cultist","floor":2.0,"turns":3.0},{"damage":2,"enemies":"2 Louse","floor":3,"turns":2},{"damage":34,"enemies":"Exordium Thugs","floor":4,"turns":7},{"damage":5,"enemies":"3 Sentries","floor":6,"turns":2}],"seed_played":"-7172398015874298059","neow_bonus_log":{"cardsObtained":["Regret"],"cardsUpgraded":[],"cardsRemoved":[],"cardsTransformed":[],"relicsObtained":[],"maxHpGained":0,"goldGained":0,"damageTaken":0,"goldLost":0,"maxHpLost":0},"potions_obtained":[{"floor":2.0,"key":"FearPotion"},{"floor":3,"key":"ColorlessPotion"}],"is_trial":false,"path_per_floor":["M","M","M","M","?","E"],"character_chosen":"DEFECT","basemod:card_modifiers":[null,null,null,null,null,null,null,null,null,null,null,null,null,null,null,null,null],"items_purchased":[],"campfire_rested":0,"item_purchase_floors":[],"current_hp_per_floor":[49,51,49,22,22,17],"gold":100,"neow_bonus":"RANDOM_COLORLESS_2","is_prod":false,"is_daily":false,"rewards_skipped":[],"chose_seed":false,"campfire_upgraded":0,"win_rate":0,"floor_exit_playtime":[197,238,273,406,412],"timestamp":1703462648,"path_taken":["M","M","M","?","?","E"],"build_version":"2022-12-01","purchased_purges":0,"victory":false,"max_hp_per_floor":[71,71,71,71,71,71],"relic_stats":{"counters":[5,19],"obtain_stats":[{"Cracked Core":0},{"Cracked Core":0},{"Cracked Core":0}]},"card_choices":[{"not_picked":["Chrysalis","Transmutation"],"picked":"Master of Strategy","floor":0.0},{"not_picked":["Sunder","Go for the Eyes"],"picked":"Self Repair","floor":1.0},{"not_picked":["Turbo","Tempest"],"picked":"Compile Driver","floor":2.0},{"not_picked":["Blizzard","Steam"],"picked":"Hologram","floor":3},{"not_picked":["Scrape","Chaos"],"picked":"Gash","floor":4}],"player_experience":68162,"relics_obtained":[],"event_choices":[{"damage_healed":0,"gold_gain":0,"player_choice":"Left Gold","damage_taken":0,"max_hp_gain":0,"max_hp_loss":0,"event_name":"World of Goop","floor":5,"gold_loss":50}],"is_beta":false,"boss_relics":[],"items_purged_floors":[],"is_endless":false,"potions_floor_spawned":[2,3],"killed_by":"3 Sentries","ascension_level":20,"potion_discard_per_floor":[[],[],[],[],[],[]]}