{"neow_bonuses_skipped_log":["ONE_RANDOM_RARE_CARD","TWENTY_PERCENT_HP_BONUS","BOSS_RELIC"],"potions_obtained_entropic_brew":[[],[],[],[],[],[],[],[],[],[],[],[],[],[],[],[],[],[],[],[],[],[]],"neow_costs_skipped_log":["NONE","NO_GOLD","NONE"],"gold_per_floor":[117,28,47,61,26,26,59,59,59,70,86,86,115,133,133,211,211,230,242,253,178,178],"floor_reached":22,"playtime":1580,"items_purged":[],"score":396,"play_id":"8d6a86dd-3d39-44cc-990b-5920560dfcf5","local_time":"20231222194528","score_breakdown":["Floors Climbed (22): 110","Enemies Slain (9): 18","Exordium Elites Killed (2): 20","City Elites Killed (0): 0","Bosses Slain (1): 50","Ascension (20): 198"],"is_ascension_mode":true,"potions_obtained_alchemize":[[],[],[],[],[],[],[],[],[],[],[],[],[],[],[],[],[],[],[],[],[],[]],"campfire_choices":[{"data":"Defragment","floor":6,"key":"SMITH"},{"data":"Zap","floor":8,"key":"SMITH"},{"data":"Defragment","floor":15,"key":"SMITH"}],"lesson_learned_per_floor":[[],[],[],[],[],[],[],[],[],[],[],[],[],[],[],[],[],[],[],[],[],[]],"neow_cost":"NONE","improvable_cards":{"Genetic Algorithm":[7]},"seed_source_timestamp":643869216463958,"shop_contents":[{"floor":2,"relics":["Incense Burner","MealTicket","PrismaticShard"],"cards":["FTL","Melter","Conserve Battery","Chaos","Dramatic Entrance","Chrysalis"],"potions":["Block Potion","FearPotion","FocusPotion"]}],"circlet_count":0,"master_deck":["AscendersBane","Zap+1","Dualcast","Sweeping Beam","Defragment+1","Hologram","Coolheaded","Sweeping Beam","Defragment+1","Ball Lightning","Core Surge","Self Repair","Rainbow","Sunder","Recycle","Genetic Algorithm","Double Energy","Creative AI","Fusion+1"],"potion_use_per_floor":[[],[],[],[],[],[],["Fire Potion"],[],[],[],[],[],["Swift Potion"],[],[],[],[],["FearPotion"],["Explosive Potion"],[],[],["DuplicationPotion"]],"relics":["Cracked Core","Toy Ornithopter","Bag of Marbles","FossilizedHelix","Whetstone","Pandora\u0027s Box"],"potions_floor_usage":[7,13,18,19,22],"damage_taken":[{"damage":1,"enemies":"Cultist","floor":1,"turns":3},{"damage":4,"enemies":"Jaw Worm","floor":3,"turns":4},{"damage":16,"enemies":"Small Slimes","floor":4,"turns":3},{"damage":7,"enemies":"Gremlin Nob","floor":7,"turns":3},{"damage":1,"enemies":"Blue Slaver","floor":10,"turns":4},{"damage":0,"enemies":"Red Slaver","floor":11,"turns":2},{"damage":22,"enemies":"3 Sentries","floor":13,"turns":6},{"damage":8,"enemies":"Exordium Wildlife","floor":14,"turns":3},{"damage":19,"enemies":"Slime Boss","floor":16,"turns":7},{"damage":20,"enemies":"Shell Parasite","floor":18,"turns":5},{"damage":19,"enemies":"2 Thieves","floor":19,"turns":4},{"damage":40,"enemies":"Shelled Parasite and Fungi","floor":20,"turns":6},{"damage":18,"enemies":"Snecko","floor":22,"turns":3}],"seed_played":"3811471827560955853","neow_bonus_log":{"cardsObtained":[],"cardsUpgraded":[],"cardsRemoved":[],"cardsTransformed":[],"relicsObtained":["Toy Ornithopter"],"maxHpGained":0,"goldGained":0,"damageTaken":0,"goldLost":0,"maxHpLost":0},"potions_obtained":[{"floor":1,"key":"Fire Potion"},{"floor":7,"key":"Weak Potion"},{"floor":10,"key":"Swift Potion"},{"floor":11,"key":"FearPotion"},{"floor":16,"key":"Explosive Potion"},{"floor":18,"key":"DuplicationPotion"}],"is_trial":false,"path_per_floor":["M","$","M","M","?","R","E","R","T","M","M","?","E","M","R","B",null,"M","M","M","?","M"],"character_chosen":"DEFECT","basemod:card_modifiers":[null,null,null,null,null,null,null,null,null,null,null,null,null,null,null,null,null,null,null],"items_purchased":["Defragment"],"campfire_rested":0,"item_purchase_floors":[2],"current_hp_per_floor":[63,63,59,43,60,60,58,58,58,57,57,57,40,32,32,13,57,49,42,9,9,0],"gold":178,"neow_bonus":"RANDOM_COMMON_RELIC","is_prod":false,"is_daily":false,"rewards_skipped":[],"chose_seed":false,"campfire_upgraded":3,"win_rate":0,"floor_exit_playtime":[109,140,193,246,249,267,327,341,344,428,462,467,599,670,678,807,1079,1229,1328,1481,1524],"timestamp":1703292328,"path_taken":["M","$","M","M","?","R","E","R","T","M","M","?","E","M","R","BOSS","M","M","?","?","M"],"build_version":"2022-12-01","purchased_purges":0,"victory":false,"max_hp_per_floor":[71,71,71,71,71,71,71,71,71,71,71,71,71,71,71,71,71,71,71,71,71,71],"relic_stats":{"counters":[13,53],"Pandora\u0027s Box":["Self Repair","Rainbow","Sunder","Hello World","Recycle","Genetic Algorithm","Double Energy","Creative AI"],"Whetstone":["Strike_B","Strike_B"],"obtain_stats":[{"Pandora\u0027s Box":17,"Bag of Marbles":7,"Whetstone":13,"Cracked Core":0,"Toy Ornithopter":0,"FossilizedHelix":9},{"Pandora\u0027s Box":9,"Bag of Marbles":4,"Whetstone":7,"Cracked Core":0,"Toy Ornithopter":0,"FossilizedHelix":4},{"Pandora\u0027s Box":35,"Bag of Marbles":13,"Whetstone":25,"Cracked Core":0,"Toy Ornithopter":0,"FossilizedHelix":13}],"Toy Ornithopter":25,"FossilizedHelix":[147]},"card_choices":[{"not_picked":["Rebound","Beam Cell"],"picked":"Sweeping Beam","floor":1},{"not_picked":["Streamline","Beam Cell"],"picked":"Hologram","floor":3},{"not_picked":["Beam Cell","Turbo"],"picked":"Coolheaded","floor":4},{"not_picked":["Amplify","Storm"],"picked":"Sweeping Beam","floor":7},{"not_picked":["Streamline","Stack","Melter"],"picked":"SKIP","floor":10},{"not_picked":["Gash","Conserve Battery"],"picked":"Defragment","floor":11},{"not_picked":["Leap","Barrage","Beam Cell"],"picked":"SKIP","floor":13},{"not_picked":["Reinforced Body","Gash"],"picked":"Ball Lightning","floor":14},{"not_picked":["Meteor Strike","All For One"],"picked":"Core Surge","floor":16},{"not_picked":["Tempest","Scrape+1","Beam Cell"],"picked":"SKIP","floor":18},{"not_picked":["Cold Snap","Sweeping Beam","Static Discharge"],"picked":"SKIP","floor":19},{"not_picked":["Barrage","Beam Cell"],"picked":"Fusion+1","floor":20}],"player_experience":47242,"relics_obtained":[{"floor":7,"key":"Bag of Marbles"},{"floor":9,"key":"FossilizedHelix"},{"floor":13,"key":"Whetstone"}],"event_choices":[{"damage_healed":17,"gold_gain":0,"player_choice":"Healed","damage_taken":0,"max_hp_gain":0,"max_hp_loss":0,"event_name":"The Cleric","floor":5,"gold_loss":35},{"damage_healed":0,"gold_gain":0,"player_choice":"Ignored","damage_taken":0,"max_hp_gain":0,"max_hp_loss":0,"event_name":"Liars Game","floor":12,"gold_loss":0},{"cards_removed":["Hello World"],"damage_healed":0,"gold_gain":0,"player_choice":"Gave Gold","damage_taken":0,"max_hp_gain":0,"max_hp_loss":0,"event_name":"Beggar","floor":21,"gold_loss":75}],"is_beta":false,"boss_relics":[{"not_picked":["Snecko Eye","Philosopher\u0027s Stone"],"picked":"Pandora\u0027s Box"}],"items_purged_floors":[],"is_endless":false,"potions_floor_spawned":[1,7,10,11,16,18],"killed_by":"Snecko","ascension_level":20,"potion_discard_per_floor":[[],[],[],[],[],[],[],[],[],[],["Weak Potion"],[],[],[],[],[],[],[],[],[],[],[]]}