{"neow_bonuses_skipped_log":["TRANSFORM_CARD","ONE_RARE_RELIC","BOSS_RELIC"],"potions_obtained_entropic_brew":[[],[],[],[],[],[],[],[],[],[],[],[],[],[],[],["Regen Potion"],[],[],[],[],[],[],[],[],[],[],[],[],[],[],[],[],[]],"neow_costs_skipped_log":["NONE","CURSE","NONE"],"gold_per_floor":[115,21,31,46,46,46,56,82,82,108,158,158,190,200,200,275,275,287,337,95,109,119,119,94,108,108,120,120,170,196,214,214,214],"floor_reached":33,"playtime":2818,"items_purged":["Defend_B"],"score":674,"play_id":"05d61e04-a75b-469c-895d-2df5bd717046","local_time":"20231227234059","score_breakdown":["Floors Climbed (33): 165","Enemies Slain (11): 22","Exordium Elites Killed (3): 30","City Elites Killed (1): 20","Bosses Slain (1): 50","Perfect (1): 50","Ascension (20): 337"],"is_ascension_mode":true,"potions_obtained_alchemize":[[],[],[],[],[],[],[],[],[],[],[],[],[],[],[],[],[],[],[],[],[],[],[],[],[],[],[],[],[],[],[],[],[]],"campfire_choices":[{"data":"Zap","floor":6,"key":"SMITH"},{"data":"Hyperbeam","floor":12,"key":"SMITH"},{"data":"Defragment","floor":15,"key":"SMITH"},{"data":"Seek","floor":23,"key":"SMITH"},{"data":"Heatsinks","floor":28,"key":"SMITH"},{"data":"Hologram","floor":32,"key":"SMITH"}],"lesson_learned_per_floor":[[],[],[],[],[],[],[],[],[],[],[],[],[],[],[],[],[],[],[],[],[],[],[],[],[],[],[],[],[],[],[],[],[]],"neow_cost":"NONE","improvable_cards":{},"seed_source_timestamp":180764593703625,"shop_contents":[{"floor":2,"relics":["CeramicFish","Centennial Puzzle","ClockworkSouvenir"],"cards":["Rip and Tear","Lockon","Chaos","Hologram","Madness","The Bomb"],"potions":["AttackPotion","AttackPotion"]},{"floor":20,"relics":["Orichalcum","Bottled Lightning"],"cards":["FTL","All For One","Consume","Glacier","Machine Learning","Bandage Up","Secret Weapon"],"potions":["LiquidBronze","SkillPotion","SmokeBomb"]},{"floor":29,"relics":["Pen Nib","Bronze Scales","Medical Kit"],"cards":["Cold Snap","Gash","Conserve Battery","Redo","Self Repair","Panacea","Mayhem"],"potions":["Fire Potion","Regen Potion","SteroidPotion"]}],"circlet_count":0,"master_deck":["AscendersBane","Strike_B","Defend_B","Defend_B","Defend_B","Zap+1","Dualcast","Skim","Self Repair","Glacier","Rebound","Ball Lightning","Hologram","Hyperbeam+1","Defragment+1","Seek+1","BootSequence+1","Heatsinks+1","Compile Driver","Darkness","Hologram+1"],"potion_use_per_floor":[[],[],[],[],[],[],[],["Fire Potion"],[],["PowerPotion"],[],[],[],[],[],["EntropicBrew"],[],[],[],[],[],["Regen Potion"],[],[],[],[],["Block Potion"],[],[],["FocusPotion"],[],[],[]],"relics":["Cracked Core","Ancient Tea Set","SsserpentHead","Blood Vial","Dead Branch","Art of War","Bag of Marbles","Nuclear Battery","OrangePellets","FossilizedHelix","Thread and Needle"],"potions_floor_usage":[8,10,16,22,27,30],"damage_taken":[{"damage":0,"enemies":"2 Louse","floor":1,"turns":1},{"damage":7,"enemies":"Jaw Worm","floor":3,"turns":3},{"damage":5,"enemies":"Small Slimes","floor":4,"turns":5},{"damage":4,"enemies":"Gremlin Gang","floor":7,"turns":7},{"damage":11,"enemies":"Gremlin Nob","floor":8,"turns":3},{"damage":6,"enemies":"Lagavulin","floor":10,"turns":10},{"damage":8,"enemies":"Gremlin Nob","floor":13,"turns":3},{"damage":1,"enemies":"3 Louse","floor":14,"turns":2},{"damage":0,"enemies":"The Guardian","floor":16,"turns":14},{"damage":0,"enemies":"2 Thieves","floor":18,"turns":1},{"damage":16,"enemies":"Chosen","floor":21,"turns":4},{"damage":0,"enemies":"Centurion and Healer","floor":22,"turns":3},{"damage":22,"enemies":"Shelled Parasite and Fungi","floor":25,"turns":5},{"damage":0,"enemies":"Snake Plant","floor":27,"turns":3},{"damage":10,"enemies":"Book of Stabbing","floor":30,"turns":5},{"damage":0,"enemies":"Cultist and Chosen","floor":31,"turns":4},{"damage":73,"enemies":"Champ","floor":33,"turns":14}],"green_key_taken_log":10,"seed_played":"-7282348107510603668","neow_bonus_log":{"cardsObtained":[],"cardsUpgraded":[],"cardsRemoved":[],"cardsTransformed":[],"relicsObtained":["Ancient Tea Set"],"maxHpGained":0,"goldGained":0,"damageTaken":0,"goldLost":0,"maxHpLost":0},"potions_obtained":[{"floor":4,"key":"PowerPotion"},{"floor":8,"key":"EntropicBrew"},{"floor":10,"key":"FocusPotion"},{"floor":25,"key":"Block Potion"},{"floor":27,"key":"FocusPotion"}],"is_trial":false,"path_per_floor":["M","$","M","M","?","R","M","E","T","E","?","R","E","M","R","B",null,"M","?","$","M","M","R","?","M","T","M","R","$","E","M","R","B"],"character_chosen":"DEFECT","basemod:card_modifiers":[null,null,null,null,null,null,null,null,null,null,null,null,null,null,null,null,null,null,null,null,null],"items_purchased":["Self Repair","Fire Potion","OrangePellets"],"campfire_rested":0,"item_purchase_floors":[2,2,20],"current_hp_per_floor":[64,64,64,66,66,66,69,65,65,68,68,68,69,71,71,71,71,71,71,71,62,71,71,71,56,56,65,65,65,64,71,71,0],"gold":214,"neow_bonus":"RANDOM_COMMON_RELIC","is_prod":false,"is_daily":false,"rewards_skipped":[{"floor":14,"relics":[],"potions":["EssenceOfSteel"]},{"floor":16,"relics":[],"potions":["AttackPotion"]},{"floor":18,"relics":[],"potions":["Dexterity Potion"]}],"chose_seed":false,"campfire_upgraded":6,"win_rate":0,"floor_exit_playtime":[132,143,173,245,252,265,398,462,481,758,780,794,862,905,916,1172,1379,1428,1450,1513,1672,1797,1809,1819,1962,1972,2085,2100,2125,2302,2446,2454],"timestamp":1703738459,"path_taken":["M","$","M","M","?","R","M","E","T","E","?","R","E","M","R","BOSS","M","?","$","M","M","R","?","M","T","M","R","?","E","M","R","BOSS"],"build_version":"2022-12-01","purchased_purges":1,"victory":false,"max_hp_per_floor":[71,71,71,71,71,71,71,71,71,71,71,71,71,71,71,71,71,71,71,71,71,71,71,71,71,71,71,71,71,71,71,71,71],"relic_stats":{"Blood Vial":14,"SsserpentHead":200,"OrangePellets":[10],"counters":[17,87],"Dead Branch":[40],"Art of War":[15],"Ancient Tea Set":[12],"obtain_stats":[{"Blood Vial":8,"SsserpentHead":5,"OrangePellets":20,"Dead Branch":9,"Thread and Needle":30,"Art of War":10,"Bag of Marbles":13,"Cracked Core":0,"Ancient Tea Set":0,"FossilizedHelix":26,"Nuclear Battery":17},{"Blood Vial":5,"SsserpentHead":3,"OrangePellets":10,"Dead Branch":5,"Thread and Needle":15,"Art of War":6,"Bag of Marbles":7,"Cracked Core":0,"Ancient Tea Set":0,"FossilizedHelix":13,"Nuclear Battery":9},{"Blood Vial":19,"SsserpentHead":9,"OrangePellets":49,"Dead Branch":19,"Thread and Needle":69,"Art of War":29,"Bag of Marbles":32,"Cracked Core":0,"Ancient Tea Set":0,"FossilizedHelix":61,"Nuclear Battery":48}],"FossilizedHelix":[38]},"card_choices":[{"not_picked":["Gash","Steam"],"picked":"Skim","floor":1},{"not_picked":["Reinforced Body","Streamline"],"picked":"Glacier","floor":3},{"not_picked":["Auto Shields","Redo"],"picked":"Rebound","floor":4},{"not_picked":["Beam Cell","Steam"],"picked":"Ball Lightning","floor":7},{"not_picked":["Sweeping Beam","Chill"],"picked":"Hologram","floor":8},{"not_picked":["Compile Driver","Steam"],"picked":"Hyperbeam","floor":10},{"not_picked":["Turbo","Recycle"],"picked":"Defragment","floor":13},{"not_picked":["Beam Cell","Streamline","Steam Power"],"picked":"SKIP","floor":14},{"not_picked":["Meteor Strike","Hyperbeam"],"picked":"Seek","floor":16},{"not_picked":["Sweeping Beam","Glacier"],"picked":"BootSequence+1","floor":18},{"not_picked":["Beam Cell","Genetic Algorithm"],"picked":"Heatsinks","floor":21},{"not_picked":["Conserve Battery","Barrage","Leap"],"picked":"SKIP","floor":22},{"not_picked":["Redo","Sweeping Beam"],"picked":"Compile Driver","floor":25},{"not_picked":["Leap","Aggregate","Streamline"],"picked":"SKIP","floor":27},{"not_picked":["Steam","Aggregate"],"picked":"Darkness","floor":30},{"not_picked":["Double Energy","Sunder"],"picked":"Hologram","floor":31}],"player_experience":83517,"relics_obtained":[{"floor":8,"key":"Blood Vial"},{"floor":9,"key":"Dead Branch"},{"floor":10,"key":"Art of War"},{"floor":13,"key":"Bag of Marbles"},{"floor":26,"key":"FossilizedHelix"},{"floor":30,"key":"Thread and Needle"}],"event_choices":[{"damage_healed":0,"gold_gain":0,"player_choice":"Trade","damage_taken":0,"relics_obtained":["SsserpentHead"],"max_hp_gain":0,"max_hp_loss":0,"event_name":"FaceTrader","floor":5,"gold_loss":0},{"cards_removed":["Strike_B"],"damage_healed":0,"gold_gain":0,"player_choice":"Forget","damage_taken":0,"max_hp_gain":0,"max_hp_loss":0,"event_name":"Living Wall","floor":11,"gold_loss":0},{"cards_removed":["Strike_B"],"damage_healed":0,"gold_gain":0,"player_choice":"Purged","damage_taken":0,"max_hp_gain":0,"max_hp_loss":0,"event_name":"Purifier","floor":19,"gold_loss":0},{"cards_removed":["Strike_B"],"damage_healed":0,"gold_gain":0,"player_choice":"Gave Gold","damage_taken":0,"max_hp_gain":0,"max_hp_loss":0,"event_name":"Beggar","floor":24,"gold_loss":75}],"is_beta":false,"boss_relics":[{"not_picked":["FrozenCore","Runic Pyramid"],"picked":"Nuclear Battery"}],"items_purged_floors":[20],"is_endless":false,"potions_floor_spawned":[4,8,10,14,16,18,25,27],"killed_by":"Champ","ascension_level":20,"potion_discard_per_floor":[[],[],[],[],[],[],[],[],[],[],[],[],[],[],[],[],[],[],[],[],[],[],[],[],[],[],[],[],[],[],[],[],[]]}