{"neow_bonuses_skipped_log":["ONE_RANDOM_RARE_CARD","THREE_SMALL_POTIONS","TWENTY_PERCENT_HP_BONUS"],"potions_obtained_entropic_brew":[[],[],[],[],[],[],[],[],[],[],[],[],[],[],[],[],[],[],[],[],[],[],[],[],[],[],[],[],[],[],[],[],[],[],[],[],[],[],[],[],[],[],[],[],[],[],[],[],[],[],[],[],[],[],[],[],[]],"neow_costs_skipped_log":["NONE","NONE","NO_GOLD"],"gold_per_floor":[115,133,146,160,160,190,190,190,190,190,221,232,266,266,266,344,344,360,285,299,299,314,314,327,327,327,347,90,121,135,148,148,225,275,287,303,303,323,335,367,367,383,461,495,495,521,538,84,84,84,84,84,84,33,64,64],"floor_reached":57,"playtime":8731,"items_purged":[],"score":3072,"play_id":"14b73510-3c1c-4966-8835-d2c8d4676ecc","local_time":"20231222223348","score_breakdown":["Floors Climbed (57): 285","Enemies Slain (18): 36","Exordium Elites Killed (3): 30","City Elites Killed (1): 20","Beyond Elites Killed (3): 90","Bosses Slain (5): 750","Librarian: 25","Well Fed: 25","Champion (2): 50","Perfect (2): 100","C-c-c-combo: 25","Ascension (20): 1386","Heartbreaker: 250"],"is_ascension_mode":true,"potions_obtained_alchemize":[[],[],[],[],[],[],[],[],[],[],[],[],[],[],[],[],[],[],[],[],[],[],[],[],[],[],[],[],[],[],[],[],[],[],[],[],[],[],[],[],[],[],[],[],[],[],[],[],[],[],[],[],[],[],[],[],[]],"campfire_choices":[{"data":"Streamline","floor":7.0,"key":"SMITH"},{"floor":10.0,"key":"REST"},{"data":"Recycle","floor":15.0,"key":"SMITH"},{"data":"Seek","floor":23.0,"key":"SMITH"},{"data":"Heatsinks","floor":25.0,"key":"SMITH"},{"floor":32,"key":"REST"},{"floor":49,"key":"RECALL"},{"floor":53,"key":"REST"}],"lesson_learned_per_floor":[[],[],[],[],[],[],[],[],[],[],[],[],[],[],[],[],[],[],[],[],[],[],[],[],[],[],[],[],[],[],[],[],[],[],[],[],[],[],[],[],[],[],[],[],[],[],[],[],[],[],[],[],[],[],[],[],[]],"neow_cost":"NONE","improvable_cards":{"Genetic Algorithm":[43]},"seed_source_timestamp":646720102279667,"shop_contents":[{"floor":28,"relics":["WingedGreaves","Orichalcum","Toolbox"],"cards":["Rip and Tear","Turbo","Chill","Forethought","Sadistic Nature"],"potions":["SpeedPotion","AttackPotion","DuplicationPotion"]},{"floor":48,"relics":["Ornamental Fan","Cauldron"],"cards":["Blizzard","Cold Snap","Turbo+1","Darkness+1","Heatsinks","Sadistic Nature"],"potions":["BlessingOfTheForge","LiquidMemories"]},{"floor":54,"relics":["War Paint","Gremlin Horn","Membership Card"],"cards":["Barrage","Steam+1","Stack+1","Electrodynamics","Purity+1","Sadistic Nature"],"potions":["Fire Potion","SkillPotion","PotionOfCapacity"]}],"circlet_count":0,"master_deck":["AscendersBane","Dualcast","Streamline+1","Recycle+1","Sunder+1","Biased Cognition","Undo","Static Discharge","Seek+1","Consume","Hologram+1","Ball Lightning","Melter","Heatsinks+1","Buffer","Chill","Defragment+1","Auto Shields","Genetic Algorithm","Meteor Strike","Shame","Coolheaded","Self Repair","Core Surge","Defragment","Reinforced Body","Skim+1","Creative AI","Turbo","White Noise+1","Coolheaded","Seek","Heatsinks+1","Enlightenment+1","White Noise+1","Compile Driver"],"special_seed":0,"potion_use_per_floor":[[],[],[],[],[],["PowerPotion"],[],[],[],["Fruit Juice"],[],["EssenceOfSteel"],[],[],[],[],[],[],[],[],[],[],[],[],[],[],["SneckoOil"],[],[],["SteroidPotion"],[],[],["FocusPotion","DistilledChaos"],[],[],["ColorlessPotion"],[],[],[],["Block Potion"],[],["SneckoOil"],[],[],[],["EssenceOfDarkness"],[],[],[],["Regen Potion"],[],[],[],[],[],["SpeedPotion"],[]],"relics":["Cursed Key","Turnip","Symbiotic Virus","Oddly Smooth Stone","Pandora\u0027s Box","Sundial","Question Card","Tiny House","Dream Catcher","Lantern","Toxic Egg 2","Mummified Hand","Bag of Marbles"],"potions_floor_usage":[30,33,33,36,40,42,46,50,56],"damage_taken":[{"damage":13.0,"enemies":"2 Louse","floor":1.0,"turns":3.0},{"damage":2.0,"enemies":"Jaw Worm","floor":2.0,"turns":4.0},{"damage":0.0,"enemies":"Cultist","floor":3.0,"turns":3.0},{"damage":16.0,"enemies":"Blue Slaver","floor":4.0,"turns":4.0},{"damage":10.0,"enemies":"Lagavulin","floor":6.0,"turns":5.0},{"damage":20.0,"enemies":"3 Sentries","floor":11.0,"turns":8.0},{"damage":0.0,"enemies":"3 Louse","floor":12.0,"turns":3.0},{"damage":0.0,"enemies":"Gremlin Nob","floor":13.0,"turns":3.0},{"damage":26.0,"enemies":"The Guardian","floor":16.0,"turns":12.0},{"damage":0.0,"enemies":"Spheric Guardian","floor":18.0,"turns":1.0},{"damage":6.0,"enemies":"3 Byrds","floor":20.0,"turns":2.0},{"damage":0.0,"enemies":"3 Cultists","floor":22.0,"turns":5.0},{"damage":6.0,"enemies":"Snecko","floor":24.0,"turns":5.0},{"damage":0.0,"enemies":"Cultist and Chosen","floor":27.0,"turns":3.0},{"damage":24,"enemies":"Gremlin Leader","floor":29,"turns":8},{"damage":24,"enemies":"Snake Plant","floor":30,"turns":3},{"damage":0,"enemies":"3 Cultists","floor":31,"turns":6},{"damage":0,"enemies":"Collector","floor":33,"turns":14},{"damage":14,"enemies":"3 Darklings","floor":35,"turns":6},{"damage":7,"enemies":"3 Shapes","floor":36,"turns":3},{"damage":0,"enemies":"Jaw Worm Horde","floor":38,"turns":7},{"damage":0,"enemies":"Maw","floor":39,"turns":10},{"damage":3,"enemies":"Nemesis","floor":40,"turns":9},{"damage":0,"enemies":"Spire Growth","floor":42,"turns":9},{"damage":4,"enemies":"Giant Head","floor":44,"turns":11},{"damage":79,"enemies":"Reptomancer","floor":46,"turns":11},{"damage":13,"enemies":"Sphere and 2 Shapes","floor":47,"turns":6},{"damage":0,"enemies":"Awakened One","floor":50,"turns":9},{"damage":20,"enemies":"Time Eater","floor":51,"turns":13},{"damage":0,"enemies":"Shield and Spear","floor":55,"turns":12},{"damage":89,"enemies":"The Heart","floor":56,"turns":10}],"green_key_taken_log":6,"seed_played":"-6288270731279699891","neow_bonus_log":{"cardsObtained":[],"cardsUpgraded":[],"cardsRemoved":[],"cardsTransformed":[],"relicsObtained":["Cursed Key"],"maxHpGained":0,"goldGained":0,"damageTaken":0,"goldLost":0,"maxHpLost":0},"potions_obtained":[{"floor":4.0,"key":"PowerPotion"},{"floor":6.0,"key":"Fruit Juice"},{"floor":11.0,"key":"EssenceOfSteel"},{"floor":22.0,"key":"SteroidPotion"},{"floor":24.0,"key":"SneckoOil"},{"floor":29,"key":"FocusPotion"},{"floor":30,"key":"DistilledChaos"},{"floor":34,"key":"EssenceOfDarkness"},{"floor":35,"key":"ColorlessPotion"},{"floor":38,"key":"EssenceOfSteel"},{"floor":39,"key":"Block Potion"},{"floor":40,"key":"SneckoOil"},{"floor":47,"key":"SpeedPotion"}],"is_trial":false,"path_per_floor":["M","M","M","M","?","E","R","?","T","R","E","M","E","?","R","B",null,"M","?","M","?","M","R","M","R","T","M","$","E","M","M","R","B",null,"M","M","?","M","M","E","?","M","T","E","?","E","M","$","R","B","B",null,"R","$","E","B",null],"character_chosen":"DEFECT","basemod:card_modifiers":[null,null,null,null,null,null,null,null,null,null,null,null,null,null,null,null,null,null,null,null,null,null,null,null,null,null,null,null,null,null,null,null,null,null,null,null],"items_purchased":["Self Repair","Core Surge","Enlightenment+1","Mummified Hand","Regen Potion","Compile Driver"],"campfire_rested":3,"item_purchase_floors":[28,28,48,48,48,54],"current_hp_per_floor":[51,49,49,33,33,23,23,23,23,50,30,30,30,35,35,9,63,63,63,57,57,57,57,51,51,51,51,51,34,17,24,48,55,80,73,66,66,73,80,86,96,96,96,96,96,24,18,18,18,40,27,79,96,96,96,14],"gold":64,"neow_bonus":"BOSS_RELIC","is_prod":false,"is_daily":false,"rewards_skipped":[{"floor":31,"relics":[],"potions":["Explosive Potion"]}],"chose_seed":false,"campfire_upgraded":4,"win_rate":0,"floor_exit_playtime":[239,289,320,395,406,461,479,488,496,504,601,656,720,729,771,940,1105,1140,1182,1275,1368,1508,1533,1742,1751,1770,1944,2025,2283,2546,2682,2747,3209,3279,3514,3624,3648,3916,4225,4546,4569,4841,4848,5315,5367,5768,5952,6011,6017,6725,7253,7265,7293,7317,7955,8731],"timestamp":1703302428,"blue_key_relic_skipped_log":{"floor":43,"relicID":"Pear"},"path_taken":["M","M","M","M","?","E","R","?","T","R","E","M","E","?","R","BOSS","M","?","M","?","M","R","M","R","T","M","$","E","M","M","R","BOSS","M","M","?","M","M","E","?","M","T","E","?","E","M","?","R","BOSS","BOSS","R","$","E","BOSS"],"build_version":"2022-12-01","purchased_purges":0,"victory":true,"max_hp_per_floor":[71,71,71,71,71,71,71,71,71,76,76,76,76,81,81,81,81,81,81,81,81,81,81,81,81,81,81,81,81,81,81,81,81,86,86,86,86,86,86,86,96,96,96,96,96,96,96,96,96,96,96,96,96,96,96,96],"relic_stats":{"Dream Catcher":1,"counters":[31,207],"Sundial":[64],"Mummified Hand":[123],"Pandora\u0027s Box":["Consume","Hologram","Ball Lightning","Hyperbeam","Melter","Heatsinks","Buffer","Chill"],"Turnip":[68],"Cursed Key":2,"Question Card":15,"obtain_stats":[{"Lantern":44,"Tiny House":34,"Oddly Smooth Stone":13,"Cursed Key":0,"Question Card":29,"Dream Catcher":40,"Sundial":26,"Mummified Hand":48,"Pandora\u0027s Box":17,"Turnip":6,"Bag of Marbles":55,"Toxic Egg 2":46,"Cracked Core":0,"Symbiotic Virus":11},{"Lantern":25,"Tiny House":18,"Oddly Smooth Stone":8,"Cursed Key":0,"Question Card":15,"Dream Catcher":23,"Sundial":13,"Mummified Hand":27,"Pandora\u0027s Box":9,"Turnip":5,"Bag of Marbles":30,"Toxic Egg 2":26,"Cracked Core":0,"Symbiotic Virus":6},{"Lantern":146,"Tiny House":92,"Oddly Smooth Stone":33,"Cursed Key":0,"Question Card":69,"Dream Catcher":126,"Sundial":58,"Mummified Hand":163,"Pandora\u0027s Box":45,"Turnip":19,"Bag of Marbles":197,"Toxic Egg 2":157,"Cracked Core":0,"Symbiotic Virus":27}]},"card_choices":[{"not_picked":["Rebound","Chill"],"picked":"Streamline","floor":1.0},{"not_picked":["Aggregate","Leap"],"picked":"Recycle","floor":2.0},{"not_picked":["Darkness","Streamline"],"picked":"Sunder","floor":3.0},{"not_picked":["Go for the Eyes","Double Energy","Gash"],"picked":"SKIP","floor":4.0},{"not_picked":["Fusion","Storm","Streamline"],"picked":"SKIP","floor":6.0},{"not_picked":["Darkness","Conserve Battery"],"picked":"Biased Cognition","floor":11.0},{"not_picked":["Genetic Algorithm","Turbo"],"picked":"Undo","floor":12.0},{"not_picked":["Auto Shields","Go for the Eyes"],"picked":"Static Discharge","floor":13.0},{"not_picked":["Reboot","Creative AI"],"picked":"Seek","floor":16.0},{"not_picked":["Leap","Ball Lightning"],"picked":"Defragment+1","floor":18.0},{"not_picked":["Steam","Rip and Tear"],"picked":"Auto Shields","floor":20.0},{"not_picked":["Leap","Melter","Heatsinks","Consume","Beam Cell","Cold Snap","Hologram","Aggregate","Fusion","Chaos","Barrage","Ball Lightning","Chill","Sunder","Blizzard","Lockon","Redo","Defragment","Static Discharge"],"picked":"Genetic Algorithm","floor":21.0},{"not_picked":["White Noise","Go for the Eyes","Blizzard"],"picked":"SKIP","floor":22.0},{"not_picked":["Hologram","Ball Lightning"],"picked":"Meteor Strike","floor":24.0},{"not_picked":["Compile Driver","Ball Lightning+1"],"picked":"Coolheaded","floor":27.0},{"not_picked":["Beam Cell","Chaos"],"picked":"Defragment","floor":29},{"not_picked":["Undo","Leap","Electrodynamics"],"picked":"Reinforced Body","floor":30},{"not_picked":["Hello World","Barrage","Tempest"],"picked":"Skim","floor":31},{"not_picked":["Fission","Buffer","Thunder Strike"],"picked":"Creative AI","floor":33},{"not_picked":["Go for the Eyes","Lockon","Rip and Tear"],"picked":"Turbo","floor":34},{"not_picked":["Turbo","Conserve Battery","Recycle+1"],"picked":"White Noise+1","floor":35},{"not_picked":["Rebound","Beam Cell","Buffer","Recycle"],"picked":"SKIP","floor":36},{"not_picked":["Ball Lightning","Aggregate","Streamline","Beam Cell"],"picked":"SKIP","floor":38},{"not_picked":["Ball Lightning","Aggregate","Streamline","Beam Cell"],"picked":"SKIP","floor":38},{"not_picked":["Stack","Conserve Battery","Scrape","Reinforced Body"],"picked":"SKIP","floor":39},{"not_picked":["Steam Power+1","Cold Snap","Recycle+1"],"picked":"Coolheaded","floor":40},{"not_picked":["Coolheaded","Ball Lightning+1","Scrape"],"picked":"Seek","floor":42},{"not_picked":["Double Energy","Redo","Sweeping Beam","Chaos"],"picked":"SKIP","floor":44},{"not_picked":["FTL+1","Rebound","Redo+1"],"picked":"Heatsinks+1","floor":46},{"not_picked":["Blizzard+1","Fusion+1","Beam Cell","BootSequence+1"],"picked":"SKIP","floor":47},{"not_picked":["Rebound","Go for the Eyes+1","Melter"],"picked":"White Noise+1","floor":53},{"not_picked":["Streamline","Compile Driver","All For One","Chaos+1"],"picked":"SKIP","floor":55}],"player_experience":48822,"relics_obtained":[{"floor":6.0,"key":"Turnip"},{"floor":11.0,"key":"Symbiotic Virus"},{"floor":13.0,"key":"Oddly Smooth Stone"},{"floor":26.0,"key":"Sundial"},{"floor":29,"key":"Question Card"},{"floor":40,"key":"Dream Catcher"},{"floor":44,"key":"Lantern"},{"floor":46,"key":"Toxic Egg 2"},{"floor":55,"key":"Bag of Marbles"}],"event_choices":[{"damage_healed":0.0,"max_hp_gain":0.0,"max_hp_loss":0.0,"gold_gain":0.0,"event_name":"Upgrade Shrine","player_choice":"Upgraded","floor":5.0,"gold_loss":0.0,"damage_taken":0.0,"cards_upgraded":["Sunder"]},{"damage_healed":0.0,"max_hp_gain":0.0,"max_hp_loss":0.0,"gold_gain":0.0,"event_name":"Liars Game","player_choice":"Ignored","floor":8.0,"gold_loss":0.0,"damage_taken":0.0},{"damage_healed":0.0,"max_hp_gain":5.0,"max_hp_loss":0.0,"gold_gain":0.0,"event_name":"Big Fish","player_choice":"Donut","floor":14.0,"gold_loss":0.0,"damage_taken":0.0},{"cards_removed":["Zap"],"damage_healed":0.0,"max_hp_gain":0.0,"max_hp_loss":0.0,"gold_gain":0.0,"event_name":"Beggar","player_choice":"Gave Gold","floor":19.0,"gold_loss":75.0,"damage_taken":0.0},{"damage_healed":0.0,"max_hp_gain":0.0,"max_hp_loss":0.0,"gold_gain":0.0,"event_name":"The Library","player_choice":"Read","floor":21.0,"gold_loss":0.0,"damage_taken":0.0,"cards_obtained":["Genetic Algorithm"]},{"damage_healed":0,"gold_gain":0,"player_choice":"Upgraded","damage_taken":0,"max_hp_gain":0,"max_hp_loss":0,"event_name":"Upgrade Shrine","floor":37,"gold_loss":0,"cards_upgraded":["Skim"]},{"cards_removed":["Hyperbeam"],"damage_healed":0,"gold_gain":0,"player_choice":"Offered Rare","damage_taken":0,"max_hp_gain":10,"max_hp_loss":0,"event_name":"Bonfire Elementals","floor":41,"gold_loss":0},{"cards_removed":["Injury"],"damage_healed":0,"gold_gain":0,"player_choice":"Purged","damage_taken":0,"max_hp_gain":0,"max_hp_loss":0,"event_name":"Purifier","floor":45,"gold_loss":0}],"is_beta":false,"boss_relics":[{"not_picked":["Empty Cage","Inserter"],"picked":"Pandora\u0027s Box"},{"not_picked":["Busted Crown","SacredBark"],"picked":"Tiny House"}],"items_purged_floors":[],"is_endless":false,"potions_floor_spawned":[4,6,11,22,24,29,30,31,35,38,39,40,47],"ascension_level":20,"potion_discard_per_floor":[[],[],[],[],[],[],[],[],[],[],[],[],[],[],[],[],[],[],[],[],[],[],[],[],[],[],[],[],[],[],[],[],[],[],[],[],[],[],["EssenceOfSteel"],[],[],[],[],[],[],[],[],[],[],[],[],[],[],[],[],[],[]]}