{"neow_bonuses_skipped_log":["THREE_CARDS","THREE_ENEMY_KILL","BOSS_RELIC"],"neow_costs_skipped_log":["NONE","NONE","NONE"],"potions_obtained_entropic_brew":[[],[],[],[],[],[],[],[],[],[],[],[],[]],"gold_per_floor":[116,135,135,2,18,54,54,68,68,68,93,143,143],"floor_reached":13,"playtime":786,"items_purged":[],"score":170,"play_id":"f2d70b43-6e97-48e0-bbe4-2bcb05d0ae8b","local_time":"20240106214042","score_breakdown":["Floors Climbed (13): 65","Enemies Slain (5): 10","Exordium Elites Killed (1): 10","Bosses Slain (0): 0","Ascension (20): 85"],"is_ascension_mode":true,"potions_obtained_alchemize":[[],[],[],[],[],[],[],[],[],[],[],[],[]],"campfire_choices":[{"data":"Defragment","floor":7,"key":"SMITH"},{"floor":10,"key":"REST"}],"lesson_learned_per_floor":[[],[],[],[],[],[],[],[],[],[],[],[],[]],"neow_cost":"PERCENT_DAMAGE","improvable_cards":{},"seed_source_timestamp":403650853431542,"shop_contents":[{"floor":4,"relics":["Prayer Wheel","Turnip","HandDrill"],"cards":["Rip and Tear","Sunder","Multi-Cast","Redo","Heatsinks","Swift Strike","Magnetism"],"potions":["CultistPotion"]}],"circlet_count":0,"master_deck":["AscendersBane","Strike_B","Strike_B","Strike_B","Strike_B","Defend_B","Defend_B","Defend_B","Defend_B","Zap","Dualcast","The Bomb","Defragment+1","Rebound","Undo","Rebound","Ball Lightning"],"potion_use_per_floor":[[],[],[],[],[],["DuplicationPotion"],[],[],[],[],[],[],["Explosive Potion"]],"relics":["Cracked Core","Golden Idol","CaptainsWheel","Meat on the Bone"],"potions_floor_usage":[6,13],"damage_taken":[{"damage":9,"enemies":"Small Slimes","floor":1,"turns":3},{"damage":6,"enemies":"Jaw Worm","floor":2,"turns":4},{"damage":7,"enemies":"2 Louse","floor":5,"turns":3},{"damage":10,"enemies":"Lagavulin","floor":6,"turns":5},{"damage":13,"enemies":"Blue Slaver","floor":8,"turns":2},{"damage":2,"enemies":"2 Fungi Beasts","floor":11,"turns":4},{"damage":30,"enemies":"3 Sentries","floor":13,"turns":4}],"seed_played":"-7050532224108908534","neow_bonus_log":{"cardsObtained":[],"cardsUpgraded":[],"cardsRemoved":[],"cardsTransformed":[],"relicsObtained":[],"maxHpGained":0,"goldGained":0,"damageTaken":18,"goldLost":0,"maxHpLost":0},"potions_obtained":[{"floor":2,"key":"SmokeBomb"},{"floor":11,"key":"Weak Potion"}],"is_trial":false,"path_per_floor":["M","M","?","$","M","E","R","M","T","R","M","?","E"],"character_chosen":"DEFECT","basemod:card_modifiers":[null,null,null,null,null,null,null,null,null,null,null,null,null,null,null,null,null],"items_purchased":["DuplicationPotion","Explosive Potion"],"campfire_rested":1,"item_purchase_floors":[4,4],"current_hp_per_floor":[37,31,31,31,24,14,14,1,1,20,30,30,0],"gold":143,"neow_bonus":"RANDOM_COLORLESS_2","is_prod":false,"is_daily":false,"rewards_skipped":[],"chose_seed":false,"campfire_upgraded":1,"win_rate":0,"floor_exit_playtime":[305,362,367,436,486,552,560,627,639,653,700,705],"timestamp":1704595242,"path_taken":["M","M","?","$","M","E","R","M","T","R","M","?","E"],"build_version":"2022-12-01","purchased_purges":0,"victory":false,"max_hp_per_floor":[71,71,64,64,64,64,64,64,64,64,64,64,64],"relic_stats":{"counters":[7,25],"Golden Idol":18,"obtain_stats":[{"CaptainsWheel":6,"Golden Idol":3,"Cracked Core":0,"Meat on the Bone":9},{"CaptainsWheel":4,"Golden Idol":2,"Cracked Core":0,"Meat on the Bone":5},{"CaptainsWheel":15,"Golden Idol":7,"Cracked Core":0,"Meat on the Bone":17}],"Meat on the Bone":12},"card_choices":[{"not_picked":["Master of Strategy","Violence"],"picked":"The Bomb","floor":0},{"not_picked":["Turbo","Compile Driver"],"picked":"Defragment","floor":1},{"not_picked":["Skim","Stack"],"picked":"Rebound","floor":2},{"not_picked":["Turbo","Gash"],"picked":"Undo","floor":5},{"not_picked":["Streamline","Redo","Conserve Battery"],"picked":"SKIP","floor":6},{"not_picked":["Darkness","White Noise"],"picked":"Rebound","floor":8},{"not_picked":["Turbo","Hologram"],"picked":"Ball Lightning","floor":11}],"player_experience":106639,"relics_obtained":[{"floor":6,"key":"CaptainsWheel"},{"floor":9,"key":"Meat on the Bone"}],"event_choices":[{"damage_healed":0,"gold_gain":0,"player_choice":"Lose Max HP","damage_taken":0,"relics_obtained":["Golden Idol"],"max_hp_gain":0,"max_hp_loss":7,"event_name":"Golden Idol","floor":3,"gold_loss":0},{"damage_healed":0,"gold_gain":50,"player_choice":"Pray","damage_taken":0,"max_hp_gain":0,"max_hp_loss":0,"event_name":"Golden Shrine","floor":12,"gold_loss":0}],"is_beta":false,"boss_relics":[],"items_purged_floors":[],"is_endless":false,"potions_floor_spawned":[2,11],"killed_by":"3 Sentries","ascension_level":20,"potion_discard_per_floor":[[],[],[],["SmokeBomb"],[],[],[],[],[],[],[],[],[]]}