{"neow_bonuses_skipped_log":["ONE_RANDOM_RARE_CARD","THREE_ENEMY_KILL","BOSS_RELIC"],"potions_obtained_entropic_brew":[[],[],[],[],[],[],[],[],[],[],[],[],[],[],[],[],[],[],[],[],[],[],[],[],[],[],[],[],[],[]],"neow_costs_skipped_log":["NONE","NONE","NONE"],"gold_per_floor":[17,29,41,57,67,93,93,124,172,184,201,214,214,164,164,241,241,254,267,277,294,314,314,314,339,362,362,382,432,432],"floor_reached":30,"playtime":2084,"items_purged":["Defend_B"],"score":636,"play_id":"86bab4f6-cb42-4551-bdf8-1c8f2b4d0a93","local_time":"20240122230622","score_breakdown":["Floors Climbed (30): 150","Enemies Slain (14): 28","Exordium Elites Killed (2): 20","City Elites Killed (1): 20","Bosses Slain (1): 50","Perfect (1): 50","Ascension (20): 318"],"is_ascension_mode":true,"potions_obtained_alchemize":[[],[],[],[],[],[],[],[],[],[],[],[],[],[],[],[],[],[],[],[],[],[],[],[],[],[],[],[],[],[]],"campfire_choices":[{"floor":7.0,"key":"REST"},{"floor":13,"key":"REST"},{"data":"Zap","floor":15,"key":"SMITH"},{"floor":23,"key":"REST"},{"data":"Defragment","floor":27,"key":"SMITH"}],"lesson_learned_per_floor":[[],[],[],[],[],[],[],[],[],[],[],[],[],[],[],[],[],[],[],[],[],[],[],[],[],[],[],[],[],[]],"neow_cost":"NO_GOLD","improvable_cards":{},"seed_source_timestamp":0,"shop_contents":[{"floor":14,"relics":["Akabeko","StoneCalendar","ClockworkSouvenir"],"cards":["Lockon","Rebound","White Noise","Leap","Hello World","Good Instincts","Magnetism"],"potions":["SmokeBomb","CultistPotion","DuplicationPotion"]}],"circlet_count":0,"master_deck":["AscendersBane","Strike_B","Strike_B","Strike_B","Strike_B","Defend_B","Defend_B","Defend_B","Zap+1","Dualcast","Ball Lightning","Leap","Lockon","Electrodynamics","Coolheaded","Capacitor","Doom and Gloom","Hologram","Recycle","Biased Cognition","Defragment+1","Compile Driver","Turbo+1","Echo Form","Defragment"],"special_seed":0,"potion_use_per_floor":[[],[],[],[],[],["Swift Potion"],[],[],[],["SneckoOil"],[],["Fire Potion"],[],[],[],["FocusPotion"],[],[],["DistilledChaos"],["SteroidPotion"],["EssenceOfSteel"],[],[],[],["PowerPotion"],[],[],[],[],[]],"relics":["Cracked Core","Shovel","Nunchaku","Gremlin Horn","Smiling Mask","Nuclear Battery","Letter Opener"],"potions_floor_usage":[10,12,16,19,20,21,25],"damage_taken":[{"damage":4.0,"enemies":"Small Slimes","floor":1.0,"turns":4.0},{"damage":0.0,"enemies":"2 Louse","floor":2.0,"turns":3.0},{"damage":2.0,"enemies":"Cultist","floor":3.0,"turns":4.0},{"damage":9.0,"enemies":"3 Louse","floor":4.0,"turns":4.0},{"damage":5.0,"enemies":"Exordium Thugs","floor":5.0,"turns":3.0},{"damage":23.0,"enemies":"Lagavulin","floor":6.0,"turns":7.0},{"damage":36,"enemies":"Gremlin Nob","floor":8,"turns":4},{"damage":0,"enemies":"Lots of Slimes","floor":10,"turns":1},{"damage":0,"enemies":"Looter","floor":11,"turns":3},{"damage":0,"enemies":"Gremlin Gang","floor":12,"turns":2},{"damage":0,"enemies":"Slime Boss","floor":16,"turns":5},{"damage":5,"enemies":"3 Byrds","floor":18,"turns":3},{"damage":0,"enemies":"Chosen","floor":19,"turns":2},{"damage":5,"enemies":"Snecko","floor":20,"turns":3},{"damage":20,"enemies":"Shelled Parasite and Fungi","floor":21,"turns":4},{"damage":9,"enemies":"Centurion and Healer","floor":22,"turns":2},{"damage":32,"enemies":"Slavers","floor":25,"turns":3},{"damage":5,"enemies":"Snecko","floor":28,"turns":3},{"damage":26,"enemies":"Cultist and Chosen","floor":30,"turns":3}],"seed_played":"7028666837953686685","neow_bonus_log":{"cardsObtained":[],"cardsUpgraded":[],"cardsRemoved":[],"cardsTransformed":[],"relicsObtained":["Shovel"],"maxHpGained":0,"goldGained":0,"damageTaken":0,"goldLost":99,"maxHpLost":0},"potions_obtained":[{"floor":1.0,"key":"Fire Potion"},{"floor":4.0,"key":"Swift Potion"},{"floor":8,"key":"SneckoOil"},{"floor":11,"key":"FocusPotion"},{"floor":12,"key":"PowerPotion"},{"floor":16,"key":"DistilledChaos"},{"floor":19,"key":"SteroidPotion"},{"floor":20,"key":"EssenceOfSteel"},{"floor":28,"key":"SteroidPotion"}],"is_trial":false,"path_per_floor":["M","M","M","M","M","E","R","E","T","M","M","M","R","$","R","B",null,"M","M","M","M","M","R","?","E","T","R","M","?","M"],"character_chosen":"DEFECT","basemod:card_modifiers":[null,null,null,null,null,null,null,null,null,null,null,null,null,null,null,null,null,null,null,null,null,null,null,null,null],"items_purchased":[],"campfire_rested":3,"item_purchase_floors":[],"current_hp_per_floor":[60,60,58,49,44,21,42,6,6,6,6,6,27,27,27,27,60,55,55,50,30,21,42,56,24,24,24,19,19,0],"gold":432,"neow_bonus":"ONE_RARE_RELIC","is_prod":false,"is_daily":false,"rewards_skipped":[{"floor":5,"relics":[],"potions":["Dexterity Potion"]}],"chose_seed":false,"campfire_upgraded":2,"win_rate":0,"floor_exit_playtime":[116,206,280,369,433,555,573,632,637,705,751,825,834,860,876,1109,1209,1338,1397,1510,1675,1777,1800,1808,1902,1913,1927,1985,1993],"timestamp":1705982782,"blue_key_relic_skipped_log":{"floor":26,"relicID":"MawBank"},"path_taken":["M","M","M","M","M","E","R","E","T","M","M","M","R","?","R","BOSS","M","M","M","M","M","R","?","E","T","R","?","?","M"],"build_version":"2022-12-01","purchased_purges":1,"victory":false,"max_hp_per_floor":[71,71,71,71,71,71,71,71,71,71,71,71,71,71,71,71,71,71,71,71,71,71,71,71,71,71,71,71,71,71],"relic_stats":{"Nunchaku":[6],"Shovel":0,"Gremlin Horn":[14,14],"counters":[19,63],"Letter Opener":[15],"Smiling Mask":25,"obtain_stats":[{"Nunchaku":6,"Shovel":0,"Gremlin Horn":8,"Letter Opener":25,"Cracked Core":0,"Smiling Mask":9,"Nuclear Battery":17},{"Nunchaku":6,"Shovel":0,"Gremlin Horn":7,"Letter Opener":17,"Cracked Core":0,"Smiling Mask":7,"Nuclear Battery":11},{"Nunchaku":25,"Shovel":0,"Gremlin Horn":29,"Letter Opener":57,"Cracked Core":0,"Smiling Mask":29,"Nuclear Battery":40}]},"card_choices":[{"not_picked":["Leap","Streamline"],"picked":"Ball Lightning","floor":1.0},{"not_picked":["Fusion","Gash"],"picked":"Leap","floor":2.0},{"not_picked":["Fusion","Barrage"],"picked":"Lockon","floor":3.0},{"not_picked":["Ball Lightning","Sweeping Beam"],"picked":"Electrodynamics","floor":4.0},{"not_picked":["Consume","Conserve Battery"],"picked":"Coolheaded","floor":5.0},{"not_picked":["Leap","Go for the Eyes"],"picked":"Capacitor","floor":6.0},{"not_picked":["Skim","Rip and Tear","Gash"],"picked":"SKIP","floor":8},{"not_picked":["Redo","Leap"],"picked":"Doom and Gloom","floor":10},{"not_picked":["Conserve Battery","Barrage"],"picked":"Hologram","floor":11},{"not_picked":["Reprogram","Meteor Strike"],"picked":"Recycle","floor":12},{"not_picked":["Meteor Strike","Reboot"],"picked":"Biased Cognition","floor":16},{"not_picked":["Ball Lightning+1","Melter"],"picked":"Defragment","floor":18},{"not_picked":["FTL","Streamline"],"picked":"Compile Driver","floor":19},{"not_picked":["Reinforced Body","Barrage"],"picked":"Turbo+1","floor":20},{"not_picked":["Fusion","Stack","Coolheaded"],"picked":"SKIP","floor":21},{"not_picked":["Leap","Coolheaded","Rip and Tear"],"picked":"SKIP","floor":22},{"not_picked":["Redo","Beam Cell"],"picked":"Echo Form","floor":25},{"not_picked":["Streamline","Stack"],"picked":"Defragment","floor":28}],"player_experience":178139,"relics_obtained":[{"floor":6.0,"key":"Nunchaku"},{"floor":8,"key":"Gremlin Horn"},{"floor":9,"key":"Smiling Mask"},{"floor":25,"key":"Letter Opener"}],"event_choices":[{"damage_healed":14,"gold_gain":0,"player_choice":"Heal","damage_taken":0,"max_hp_gain":0,"max_hp_loss":0,"event_name":"The Library","floor":24,"gold_loss":0},{"damage_healed":0,"gold_gain":50,"player_choice":"Stole From Cult","damage_taken":0,"max_hp_gain":0,"max_hp_loss":0,"event_name":"Nest","floor":29,"gold_loss":0}],"is_beta":false,"boss_relics":[{"not_picked":["Busted Crown","Empty Cage"],"picked":"Nuclear Battery"}],"items_purged_floors":[14],"is_endless":false,"potions_floor_spawned":[1,4,5,8,11,12,16,19,20,28],"killed_by":"Cultist and Chosen","ascension_level":20,"potion_discard_per_floor":[[],[],[],[],[],[],[],[],[],[],[],[],[],[],[],[],[],[],[],[],[],[],[],[],[],[],[],[],[],[]]}