{"neow_bonuses_skipped_log":["UPGRADE_CARD","THREE_ENEMY_KILL","TWENTY_PERCENT_HP_BONUS"],"neow_costs_skipped_log":["NONE","NONE","PERCENT_DAMAGE"],"potions_obtained_entropic_brew":[[],[],[],[],[],[],[],[],[],[],[],[],[],[],[],[],[],[],[],[],[],[],[]],"gold_per_floor":[114,57,67,83,101,101,116,132,132,132,142,166,196,224,224,312,312,332,341,391,409,429,429],"floor_reached":23,"playtime":1840,"items_purged":[],"score":390,"play_id":"a77daa20-f52a-4b45-9b29-43ff2f1574b3","local_time":"20240120215701","score_breakdown":["Floors Climbed (23): 115","Enemies Slain (10): 20","Exordium Elites Killed (1): 10","City Elites Killed (0): 0","Bosses Slain (1): 50","Ascension (20): 195"],"is_ascension_mode":true,"potions_obtained_alchemize":[[],[],[],[],[],[],[],[],[],[],[],[],[],[],[],[],[],[],[],[],[],[],[]],"campfire_choices":[{"floor":6.0,"key":"REST"},{"floor":10.0,"key":"REST"},{"data":"Zap","floor":15.0,"key":"SMITH"}],"lesson_learned_per_floor":[[],[],[],[],[],[],[],[],[],[],[],[],[],[],[],[],[],[],[],[],[],[],[]],"neow_cost":"NONE","improvable_cards":{"Genetic Algorithm":[23]},"seed_source_timestamp":28617262659333,"shop_contents":[{"floor":2,"relics":["Eternal Feather","PreservedInsect","Membership Card"],"cards":["Sunder","Lockon","Reinforced Body","Leap","Storm","Enlightenment","Master of Strategy"],"potions":["DistilledChaos","Swift Potion"]}],"circlet_count":0,"master_deck":["AscendersBane","Strike_B","Defend_B","Defend_B","Defend_B","Zap+1","Dualcast","Genetic Algorithm","Redo","Auto Shields","Loop","Compile Driver","Cold Snap","Conserve Battery","Coolheaded","Electrodynamics","Defragment+1","Decay","Fission","Melter","Coolheaded"],"special_seed":0,"potion_use_per_floor":[[],[],[],["Explosive Potion"],[],[],[],[],[],[],[],[],["FocusPotion","GamblersBrew"],[],[],["Block Potion"],[],["Swift Potion"],[],[],[],["ColorlessPotion"],["Dexterity Potion"]],"relics":["Empty Cage","StrikeDummy","Centennial Puzzle","CeramicFish","Coffee Dripper"],"potions_floor_usage":[16,18,22,23],"damage_taken":[{"damage":7.0,"enemies":"Small Slimes","floor":1.0,"turns":4.0},{"damage":7.0,"enemies":"Cultist","floor":3.0,"turns":4.0},{"damage":0.0,"enemies":"2 Louse","floor":4.0,"turns":1.0},{"damage":37.0,"enemies":"Exordium Wildlife","floor":5.0,"turns":8.0},{"damage":16.0,"enemies":"Blue Slaver","floor":7.0,"turns":5.0},{"damage":3.0,"enemies":"Exordium Thugs","floor":8.0,"turns":5.0},{"damage":12.0,"enemies":"2 Fungi Beasts","floor":11.0,"turns":5.0},{"damage":4.0,"enemies":"3 Sentries","floor":13.0,"turns":7.0},{"damage":2.0,"enemies":"3 Louse","floor":14.0,"turns":5.0},{"damage":5,"enemies":"The Guardian","floor":16,"turns":17},{"damage":7,"enemies":"3 Byrds","floor":18,"turns":4},{"damage":1,"enemies":"Shell Parasite","floor":22,"turns":5},{"damage":54,"enemies":"Book of Stabbing","floor":23,"turns":7}],"seed_played":"-563773069922573199","neow_bonus_log":{"cardsObtained":[],"cardsUpgraded":[],"cardsRemoved":[],"cardsTransformed":[],"relicsObtained":["Empty Cage"],"maxHpGained":0,"goldGained":0,"damageTaken":0,"goldLost":0,"maxHpLost":0},"potions_obtained":[{"floor":3.0,"key":"FocusPotion"},{"floor":4.0,"key":"GamblersBrew"},{"floor":14.0,"key":"Block Potion"},{"floor":16,"key":"Swift Potion"},{"floor":18,"key":"ColorlessPotion"},{"floor":22,"key":"Dexterity Potion"}],"is_trial":false,"path_per_floor":["M","$","M","M","M","R","M","M","T","R","M","T","E","M","R","B",null,"M","?","?","?","M","E"],"character_chosen":"DEFECT","basemod:card_modifiers":[null,null,null,null,null,null,null,null,null,null,null,null,null,null,null,null,null,null,null,null,null],"items_purchased":["Explosive Potion"],"campfire_rested":2,"item_purchase_floors":[2],"current_hp_per_floor":[57,57,50,50,13,34,18,15,15,36,24,24,20,18,18,13,57,50,50,50,50,49,0],"gold":429,"neow_bonus":"BOSS_RELIC","is_prod":false,"is_daily":false,"rewards_skipped":[{"floor":8,"relics":[],"potions":["SpeedPotion"]},{"floor":11,"relics":[],"potions":["EntropicBrew"]}],"chose_seed":false,"campfire_upgraded":1,"win_rate":0,"floor_exit_playtime":[117,150,196,226,334,338,393,450,456,475,595,600,748,831,837,1203,1315,1450,1485,1489,1560,1719],"timestamp":1705805821,"path_taken":["M","$","M","M","M","R","M","?","T","R","M","?","E","M","R","BOSS","M","?","?","?","M","E"],"build_version":"2022-12-01","purchased_purges":0,"victory":false,"max_hp_per_floor":[71,71,71,71,71,71,71,71,71,71,71,71,71,71,71,71,71,71,71,71,71,71,71],"relic_stats":{"Centennial Puzzle":[18],"counters":[13,77],"CeramicFish":63,"obtain_stats":[{"Centennial Puzzle":12,"CeramicFish":13,"Coffee Dripper":17,"Cracked Core":0,"Empty Cage":0,"StrikeDummy":9},{"Centennial Puzzle":7,"CeramicFish":8,"Coffee Dripper":10,"Cracked Core":0,"Empty Cage":0,"StrikeDummy":6},{"Centennial Puzzle":32,"CeramicFish":39,"Coffee Dripper":61,"Cracked Core":0,"Empty Cage":0,"StrikeDummy":27}]},"card_choices":[{"not_picked":["Gash","Streamline"],"picked":"Genetic Algorithm","floor":1.0},{"not_picked":["Steam","Turbo"],"picked":"Redo","floor":3.0},{"not_picked":["Steam","Aggregate"],"picked":"Auto Shields","floor":4.0},{"not_picked":["Rip and Tear","Thunder Strike"],"picked":"Loop","floor":5.0},{"not_picked":["Steam","Stack"],"picked":"Compile Driver","floor":7.0},{"not_picked":["Recycle","Conserve Battery"],"picked":"Cold Snap","floor":8.0},{"not_picked":["Turbo","Beam Cell"],"picked":"Conserve Battery","floor":11.0},{"not_picked":["Conserve Battery","Rebound","Turbo"],"picked":"SKIP","floor":13.0},{"not_picked":["Auto Shields","Lockon"],"picked":"Coolheaded","floor":14.0},{"not_picked":["Creative AI","Multi-Cast"],"picked":"Electrodynamics","floor":16},{"not_picked":["Gash","Glacier"],"picked":"Defragment+1","floor":18},{"not_picked":["Sunder","Reprogram+1"],"picked":"Coolheaded","floor":22}],"player_experience":154009,"relics_obtained":[{"floor":9.0,"key":"StrikeDummy"},{"floor":12.0,"key":"Centennial Puzzle"},{"floor":13.0,"key":"CeramicFish"}],"event_choices":[{"damage_healed":0,"gold_gain":0,"player_choice":"Smashed Altar","damage_taken":0,"max_hp_gain":0,"max_hp_loss":0,"event_name":"Forgotten Altar","floor":19,"gold_loss":0,"cards_obtained":["Decay"]},{"damage_healed":0,"gold_gain":50,"player_choice":"Stole From Cult","damage_taken":0,"max_hp_gain":0,"max_hp_loss":0,"event_name":"Nest","floor":20,"gold_loss":0},{"damage_healed":0,"gold_gain":0,"cards_transformed":["Strike_B","Strike_B"],"player_choice":"Became Test Subject","damage_taken":0,"max_hp_gain":0,"max_hp_loss":0,"event_name":"Drug Dealer","floor":21,"gold_loss":0,"cards_obtained":["Fission","Melter"]}],"is_beta":false,"boss_relics":[{"not_picked":["Ectoplasm","Velvet Choker"],"picked":"Coffee Dripper"}],"items_purged_floors":[],"is_endless":false,"potions_floor_spawned":[3,4,8,11,14,16,18,22],"killed_by":"Book of Stabbing","ascension_level":20,"potion_discard_per_floor":[[],[],[],[],[],[],[],[],[],[],[],[],[],[],[],[],[],[],[],[],[],[],[]]}