{"neow_bonuses_skipped_log":["RANDOM_COMMON_RELIC","REMOVE_TWO","BOSS_RELIC"],"neow_costs_skipped_log":["NONE","NO_GOLD","NONE"],"potions_obtained_entropic_brew":[[],[],[],[],[],[],[],[],[],[],[],[],[],[],[],[],[],[],[]],"gold_per_floor":[116,15,32,49,49,78,3,3,3,13,33,33,65,84,84,157,157,176,176],"floor_reached":19,"playtime":1626,"items_purged":["Defend_B"],"score":358,"play_id":"c740a3c8-1335-4697-b090-cb3e9a20efd1","local_time":"20240117230540","score_breakdown":["Floors Climbed (19): 95","Enemies Slain (7): 14","Exordium Elites Killed (2): 20","City Elites Killed (0): 0","Bosses Slain (1): 50","Ascension (20): 179"],"is_ascension_mode":true,"potions_obtained_alchemize":[[],[],[],[],[],[],[],[],[],[],[],[],[],[],[],[],[],[],[]],"campfire_choices":[{"data":"Streamline","floor":8,"key":"SMITH"},{"data":"Go for the Eyes","floor":12,"key":"SMITH"},{"data":"White Noise","floor":15,"key":"SMITH"}],"lesson_learned_per_floor":[[],[],[],[],[],[],[],[],[],[],[],[],[],[],[],[],[],[],[]],"neow_cost":"NONE","improvable_cards":{"Genetic Algorithm":[3]},"seed_source_timestamp":119978304340833,"shop_contents":[{"floor":2,"relics":["DataDisk","Ornamental Fan","Membership Card"],"cards":["Sunder","Go for the Eyes","Tempest","Heatsinks","Mind Blast","Mayhem"],"potions":["FearPotion","DistilledChaos","Dexterity Potion"]}],"circlet_count":0,"master_deck":["AscendersBane","Defend_B+1","Defend_B","Zap+1","Dualcast","Gash","Conserve Battery","Streamline+1","Go for the Eyes+1","Heatsinks","Ball Lightning","Ball Lightning","White Noise+1","Self Repair","Echo Form","Amplify+1","Thunder Strike+1","Thunder Strike+1","Genetic Algorithm"],"potion_use_per_floor":[[],[],[],[],[],["BlessingOfTheForge","Block Potion"],[],[],[],[],[],[],["Dexterity Potion"],[],[],[],[],[],[]],"relics":["Cracked Core","War Paint","Kunai","Toy Ornithopter","Astrolabe"],"potions_floor_usage":[6,6,13],"damage_taken":[{"damage":2,"enemies":"Jaw Worm","floor":1,"turns":3},{"damage":0,"enemies":"Cultist","floor":3,"turns":3},{"damage":2,"enemies":"2 Louse","floor":4,"turns":2},{"damage":3,"enemies":"Lagavulin","floor":6,"turns":4},{"damage":13,"enemies":"Exordium Wildlife","floor":10,"turns":3},{"damage":0,"enemies":"2 Fungi Beasts","floor":11,"turns":2},{"damage":2,"enemies":"3 Sentries","floor":13,"turns":4},{"damage":17,"enemies":"Gremlin Gang","floor":14,"turns":4},{"damage":12,"enemies":"The Guardian","floor":16,"turns":10},{"damage":20,"enemies":"Spheric Guardian","floor":18,"turns":4},{"damage":39,"enemies":"3 Byrds","floor":19,"turns":4}],"seed_played":"2347310921196648764","neow_bonus_log":{"cardsObtained":[],"cardsUpgraded":[],"cardsRemoved":["Strike_B"],"cardsTransformed":[],"relicsObtained":[],"maxHpGained":0,"goldGained":0,"damageTaken":0,"goldLost":0,"maxHpLost":0},"potions_obtained":[{"floor":1,"key":"Block Potion"},{"floor":4,"key":"BlessingOfTheForge"},{"floor":10,"key":"Dexterity Potion"}],"is_trial":false,"path_per_floor":["M","$","M","M","?","E","?","R","T","M","M","R","E","M","R","B",null,"M","M"],"character_chosen":"DEFECT","basemod:card_modifiers":[null,null,null,null,null,null,null,null,null,null,null,null,null,null,null,null,null,null,null],"items_purchased":["Conserve Battery"],"campfire_rested":0,"item_purchase_floors":[2],"current_hp_per_floor":[62,62,62,60,60,57,57,57,57,44,44,44,42,25,25,20,58,38,0],"gold":176,"neow_bonus":"REMOVE_CARD","is_prod":false,"is_daily":false,"rewards_skipped":[],"chose_seed":false,"campfire_upgraded":3,"win_rate":0,"floor_exit_playtime":[191,265,323,413,419,529,576,588,594,715,750,769,849,926,937,1293,1445,1536],"timestamp":1705550740,"path_taken":["M","$","M","M","?","E","?","R","T","M","M","R","E","M","R","BOSS","M","M"],"build_version":"2022-12-01","purchased_purges":1,"victory":false,"max_hp_per_floor":[71,71,71,71,71,71,71,71,71,71,71,71,71,71,71,71,71,71,71],"relic_stats":{"counters":[11,43],"Astrolabe":["Amplify","Thunder Strike","Thunder Strike"],"Kunai":[6],"War Paint":["Defend_B","Zap"],"obtain_stats":[{"Astrolabe":17,"Kunai":9,"War Paint":6,"Cracked Core":0,"Toy Ornithopter":13},{"Astrolabe":9,"Kunai":4,"War Paint":4,"Cracked Core":0,"Toy Ornithopter":7},{"Astrolabe":35,"Kunai":12,"War Paint":12,"Cracked Core":0,"Toy Ornithopter":21}],"Toy Ornithopter":0},"card_choices":[{"not_picked":["Chill","Barrage"],"picked":"Gash","floor":1},{"not_picked":["Melter","BootSequence"],"picked":"Streamline","floor":3},{"not_picked":["Darkness","Steam"],"picked":"Go for the Eyes","floor":4},{"not_picked":["Leap","Conserve Battery"],"picked":"Heatsinks","floor":6},{"not_picked":["White Noise","Capacitor"],"picked":"Ball Lightning","floor":10},{"not_picked":["Multi-Cast","Stack"],"picked":"Ball Lightning","floor":11},{"not_picked":["Turbo","Rip and Tear"],"picked":"White Noise","floor":13},{"not_picked":["Go for the Eyes","Compile Driver"],"picked":"Self Repair","floor":14},{"not_picked":["Fission","Seek"],"picked":"Echo Form","floor":16},{"not_picked":["Hologram","Leap"],"picked":"Genetic Algorithm","floor":18}],"player_experience":127120,"relics_obtained":[{"floor":6,"key":"War Paint"},{"floor":9,"key":"Kunai"},{"floor":13,"key":"Toy Ornithopter"}],"event_choices":[{"damage_healed":0,"gold_gain":0,"player_choice":"Ignored","damage_taken":0,"max_hp_gain":0,"max_hp_loss":0,"event_name":"Liars Game","floor":5,"gold_loss":0},{"cards_removed":["Strike_B"],"damage_healed":0,"gold_gain":0,"player_choice":"Card Removal","damage_taken":0,"max_hp_gain":0,"max_hp_loss":0,"event_name":"The Cleric","floor":7,"gold_loss":75}],"is_beta":false,"boss_relics":[{"not_picked":["SlaversCollar","Snecko Eye"],"picked":"Astrolabe"}],"items_purged_floors":[2],"is_endless":false,"potions_floor_spawned":[1,4,10],"killed_by":"3 Byrds","ascension_level":20,"potion_discard_per_floor":[[],[],[],[],[],[],[],[],[],[],[],[],[],[],[],[],[],[],[]]}