{"neow_bonuses_skipped_log":["REMOVE_CARD","TEN_PERCENT_HP_BONUS","BOSS_RELIC"],"potions_obtained_entropic_brew":[[],[],[],[],[],[],[],[]],"neow_costs_skipped_log":["NONE","NONE","NONE"],"gold_per_floor":[20,40,40,53,64,95,95,95],"floor_reached":8,"playtime":713,"items_purged":[],"score":116,"play_id":"671cebff-1f88-4cff-b59f-a6612e223427","local_time":"20240126224326","score_breakdown":["Floors Climbed (8): 40","Enemies Slain (4): 8","Exordium Elites Killed (1): 10","Bosses Slain (0): 0","Ascension (20): 58"],"is_ascension_mode":true,"potions_obtained_alchemize":[[],[],[],[],[],[],[],[]],"campfire_choices":[{"floor":7,"key":"DIG"}],"lesson_learned_per_floor":[[],[],[],[],[],[],[],[]],"neow_cost":"NO_GOLD","improvable_cards":{},"seed_source_timestamp":10020137425709,"shop_contents":[],"circlet_count":0,"master_deck":["AscendersBane","Strike_B","Strike_B","Strike_B","Strike_B","Defend_B","Defend_B","Defend_B","Defend_B","Zap","Dualcast","Cold Snap","Steam","Self Repair","Lockon"],"potion_use_per_floor":[[],[],[],[],[],[],[],["Dexterity Potion","SpeedPotion"]],"relics":["Cracked Core","Unceasing Top","Shovel","Dead Branch","DataDisk"],"potions_floor_usage":[8,8],"damage_taken":[{"damage":4,"enemies":"Small Slimes","floor":1,"turns":3},{"damage":0,"enemies":"Cultist","floor":2,"turns":3},{"damage":3,"enemies":"2 Louse","floor":4,"turns":2},{"damage":10,"enemies":"Large Slime","floor":5,"turns":6},{"damage":40,"enemies":"Gremlin Nob","floor":6,"turns":4},{"damage":12,"enemies":"Gremlin Gang","floor":8,"turns":2}],"seed_played":"4611688785885318666","neow_bonus_log":{"cardsObtained":[],"cardsUpgraded":[],"cardsRemoved":[],"cardsTransformed":[],"relicsObtained":["Unceasing Top"],"maxHpGained":0,"goldGained":0,"damageTaken":0,"goldLost":99,"maxHpLost":0},"potions_obtained":[{"floor":4,"key":"Dexterity Potion"},{"floor":5,"key":"PotionOfCapacity"},{"floor":6,"key":"SpeedPotion"}],"is_trial":false,"path_per_floor":["M","M","?","M","M","E","R","M"],"character_chosen":"DEFECT","basemod:card_modifiers":[null,null,null,null,null,null,null,null,null,null,null,null,null,null,null],"items_purchased":[],"campfire_rested":0,"item_purchase_floors":[],"current_hp_per_floor":[60,60,55,52,49,9,9,0],"gold":95,"neow_bonus":"ONE_RARE_RELIC","is_prod":false,"is_daily":false,"rewards_skipped":[],"chose_seed":false,"campfire_upgraded":0,"win_rate":0,"floor_exit_playtime":[219,298,331,393,544,624,636],"timestamp":1706327006,"path_taken":["M","M","?","M","M","E","R","?"],"build_version":"2022-12-01","purchased_purges":0,"victory":false,"max_hp_per_floor":[71,71,71,71,71,71,71,71],"relic_stats":{"Shovel":1,"counters":[6,20],"Dead Branch":[1],"obtain_stats":[{"DataDisk":7,"Shovel":3,"Dead Branch":6,"Cracked Core":0,"Unceasing Top":0},{"DataDisk":5,"Shovel":2,"Dead Branch":5,"Cracked Core":0,"Unceasing Top":0},{"DataDisk":18,"Shovel":6,"Dead Branch":18,"Cracked Core":0,"Unceasing Top":0}],"Unceasing Top":[0]},"card_choices":[{"not_picked":["Hologram","Go for the Eyes"],"picked":"Cold Snap","floor":1},{"not_picked":["Melter","Coolheaded"],"picked":"Steam","floor":2},{"not_picked":["Steam Power","Melter"],"picked":"Self Repair","floor":4},{"not_picked":["Force Field","Steam"],"picked":"Lockon","floor":5},{"not_picked":["Stack","Redo","Capacitor"],"picked":"SKIP","floor":6}],"player_experience":190714,"relics_obtained":[{"floor":6,"key":"Dead Branch"},{"floor":7,"key":"DataDisk"}],"event_choices":[{"damage_healed":0,"gold_gain":0,"player_choice":"Success","damage_taken":5,"relics_obtained":["Shovel"],"max_hp_gain":0,"max_hp_loss":0,"event_name":"Scrap Ooze","floor":3,"gold_loss":0}],"is_beta":false,"boss_relics":[],"items_purged_floors":[],"is_endless":false,"potions_floor_spawned":[4,5,6],"killed_by":"Gremlin Gang","ascension_level":20,"potion_discard_per_floor":[[],[],[],[],[],["PotionOfCapacity"],[],[]]}