{"neow_bonuses_skipped_log":["THREE_CARDS","RANDOM_COLORLESS_2","BOSS_RELIC"],"neow_costs_skipped_log":["NONE","TEN_PERCENT_HP_LOSS","NONE"],"potions_obtained_entropic_brew":[[],[],[],[],[],[],[],[],[],[],[],[],[],[],[],[],[],[],[],[],[],[],[],[],[],[],[],[],[],[],[],[],[]],"gold_per_floor":[119,119,146,157,40,40,69,69,123,156,173,201,213,185,185,261,261,238,252,44,44,44,79,131,131,131,131,143,68,68,80,80,80],"floor_reached":33,"playtime":2743,"items_purged":["Strike_B","Defend_B"],"score":616,"play_id":"425975f7-06a4-4f89-8e32-186bbcce8657","local_time":"20240129150422","score_breakdown":["Floors Climbed (33): 165","Enemies Slain (9): 18","Exordium Elites Killed (3): 30","City Elites Killed (1): 20","Bosses Slain (1): 50","Champion (1): 25","Ascension (20): 308"],"is_ascension_mode":true,"potions_obtained_alchemize":[[],[],[],[],[],[],[],[],[],[],[],[],[],[],[],[],[],[],[],[],[],[],[],[],[],[],[],[],[],[],[],[],[]],"campfire_choices":[{"data":"Defragment","floor":6.0,"key":"SMITH"},{"data":"Zap","floor":8.0,"key":"SMITH"},{"floor":15.0,"key":"REST"},{"data":"Heatsinks","floor":25,"key":"SMITH"},{"data":"Turbo","floor":27,"key":"SMITH"},{"data":"Hologram","floor":32,"key":"SMITH"}],"lesson_learned_per_floor":[[],[],[],[],[],[],[],[],[],[],[],[],[],[],[],[],[],[],[],[],[],[],[],[],[],[],[],[],[],[],[],[],[]],"neow_cost":"NONE","improvable_cards":{},"seed_source_timestamp":0,"shop_contents":[{"floor":5,"relics":["Dead Branch","StrikeDummy","Sling"],"cards":["Cold Snap","Scrape","Coolheaded","Loop","Impatience","The Bomb"],"potions":["Dexterity Potion","Explosive Potion","Fruit Juice"]},{"floor":20,"relics":["Lantern","Cables","Strange Spoon"],"cards":["Streamline","Rebound","Steam Power","Swift Strike","Mayhem"],"potions":["Dexterity Potion","Weak Potion","Fire Potion"]}],"circlet_count":0,"master_deck":["AscendersBane","Strike_B","Strike_B","Defend_B","Defend_B","Defend_B","Zap+1","Dualcast","Defragment+1","Hologram+1","Reinforced Body","Ball Lightning","Undo","Coolheaded","Coolheaded+1","Fission+1","Echo Form","Heatsinks+1","Turbo+1","Storm","Fission","Storm"],"special_seed":0,"potion_use_per_floor":[[],[],[],[],[],[],[],[],[],["SteroidPotion"],[],["Explosive Potion"],["LiquidMemories"],[],[],[],[],[],[],[],[],[],["Regen Potion","FocusPotion"],[],[],[],[],[],[],[],[],[],["Energy Potion"]],"relics":["Cracked Core","Happy Flower","InkBottle","Tiny Chest","NeowsBlessing","Du-Vu Doll","Mango","Coffee Dripper","War Paint","Letter Opener"],"potions_floor_usage":[23,23,33],"damage_taken":[{"damage":0.0,"enemies":"Small Slimes","floor":1.0,"turns":1.0},{"damage":0.0,"enemies":"Jaw Worm","floor":4.0,"turns":1.0},{"damage":0.0,"enemies":"Lagavulin","floor":7.0,"turns":1.0},{"damage":44.0,"enemies":"Gremlin Nob","floor":10.0,"turns":4.0},{"damage":0.0,"enemies":"Cultist","floor":11.0,"turns":3.0},{"damage":6.0,"enemies":"3 Sentries","floor":12.0,"turns":6.0},{"damage":15.0,"enemies":"Gremlin Gang","floor":13.0,"turns":5.0},{"damage":4.0,"enemies":"Exordium Thugs","floor":14.0,"turns":4.0},{"damage":25.0,"enemies":"The Guardian","floor":16.0,"turns":14.0},{"damage":6,"enemies":"2 Thieves","floor":18,"turns":4},{"damage":1,"enemies":"Chosen","floor":19,"turns":7},{"damage":48,"enemies":"Gremlin Leader","floor":23,"turns":8},{"damage":6,"enemies":"Sentry and Sphere","floor":28,"turns":3},{"damage":4,"enemies":"Snake Plant","floor":31,"turns":3},{"damage":15,"enemies":"Automaton","floor":33,"turns":4}],"seed_played":"4374826691157371348","neow_bonus_log":{"cardsObtained":[],"cardsUpgraded":[],"cardsRemoved":[],"cardsTransformed":[],"relicsObtained":["NeowsBlessing"],"maxHpGained":0,"goldGained":0,"damageTaken":0,"goldLost":0,"maxHpLost":0},"potions_obtained":[{"floor":4.0,"key":"SteroidPotion"},{"floor":10.0,"key":"Explosive Potion"},{"floor":12.0,"key":"LiquidMemories"},{"floor":14.0,"key":"FocusPotion"},{"floor":19,"key":"PowerPotion"},{"floor":22,"key":"Regen Potion"},{"floor":23,"key":"Energy Potion"}],"is_trial":false,"path_per_floor":["M","?","T","M","$","R","E","R","T","E","M","E","M","M","R","B",null,"M","M","$","?","?","E","T","R","T","R","M","?","?","M","R","B"],"character_chosen":"DEFECT","basemod:card_modifiers":[null,null,null,null,null,null,null,null,null,null,null,null,null,null,null,null,null,null,null,null,null,null],"items_purchased":["Reinforced Body","Turbo","Storm"],"campfire_rested":1,"item_purchase_floors":[5,20,20],"current_hp_per_floor":[64,59,59,59,59,59,59,59,59,15,15,23,8,4,29,4,65,59,58,58,58,58,25,25,25,25,25,19,19,19,15,15,0],"gold":80,"neow_bonus":"THREE_ENEMY_KILL","is_prod":false,"is_daily":false,"rewards_skipped":[{"floor":22,"relics":[],"potions":["CultistPotion"]}],"chose_seed":false,"campfire_upgraded":5,"win_rate":0,"floor_exit_playtime":[49,67,73,96,144,150,167,179,183,268,315,447,572,661,665,1045,1095,1335,1537,1744,1749,1761,2069,2079,2097,2100,2114,2299,2318,2329,2489,2504],"timestamp":1706558662,"blue_key_relic_skipped_log":{"floor":9,"relicID":"Boot"},"path_taken":["M","?","?","?","$","R","E","R","T","E","M","E","M","M","R","BOSS","M","M","$","?","?","E","?","R","T","R","M","?","?","?","R","BOSS"],"build_version":"2022-12-01","purchased_purges":2,"victory":false,"max_hp_per_floor":[71,71,71,71,71,71,71,71,71,71,71,85,85,85,85,85,85,85,85,85,85,85,85,85,85,85,85,85,85,85,85,85,85],"relic_stats":{"Happy Flower":[3],"counters":[15,68],"Tiny Chest":1,"Letter Opener":[63],"War Paint":["Coolheaded","Fission"],"obtain_stats":[{"Du-Vu Doll":10,"NeowsBlessing":0,"Happy Flower":23,"Tiny Chest":3,"Mango":12,"Coffee Dripper":17,"Letter Opener":26,"War Paint":24,"Cracked Core":0,"InkBottle":7},{"Du-Vu Doll":4,"NeowsBlessing":0,"Happy Flower":12,"Tiny Chest":1,"Mango":6,"Coffee Dripper":9,"Letter Opener":12,"War Paint":12,"Cracked Core":0,"InkBottle":3},{"Du-Vu Doll":7,"NeowsBlessing":0,"Happy Flower":58,"Tiny Chest":1,"Mango":16,"Coffee Dripper":39,"Letter Opener":58,"War Paint":58,"Cracked Core":0,"InkBottle":3}],"InkBottle":[26]},"card_choices":[{"not_picked":["Go for the Eyes","Sweeping Beam"],"picked":"Defragment","floor":1.0},{"not_picked":["Chaos","Force Field"],"picked":"Hologram","floor":4.0},{"not_picked":["Rebound","Hologram"],"picked":"Ball Lightning","floor":7.0},{"not_picked":["Steam","Loop"],"picked":"Undo","floor":10.0},{"not_picked":["Undo","Defragment"],"picked":"Coolheaded","floor":11.0},{"not_picked":["Ball Lightning","Lockon","Beam Cell"],"picked":"SKIP","floor":12.0},{"not_picked":["Sunder","Leap"],"picked":"Coolheaded","floor":13.0},{"not_picked":["Loop","Sweeping Beam"],"picked":"Fission","floor":14.0},{"not_picked":["All For One","Fission"],"picked":"Echo Form","floor":16.0},{"not_picked":["Darkness","Reinforced Body"],"picked":"Heatsinks","floor":18},{"not_picked":["Barrage","Gash","Leap"],"picked":"SKIP","floor":19},{"not_picked":["Cold Snap","Beam Cell"],"picked":"Fission","floor":23},{"not_picked":["Steam","Stack","Loop"],"picked":"SKIP","floor":28},{"not_picked":["Steam","Stack","Loop"],"picked":"SKIP","floor":28},{"not_picked":["Compile Driver","Hologram"],"picked":"Storm","floor":31}],"player_experience":191427,"relics_obtained":[{"floor":3.0,"key":"Tiny Chest"},{"floor":7.0,"key":"InkBottle"},{"floor":10.0,"key":"Du-Vu Doll"},{"floor":12.0,"key":"Mango"},{"floor":23,"key":"Happy Flower"},{"floor":24,"key":"War Paint"},{"floor":26,"key":"Letter Opener"}],"event_choices":[{"damage_healed":0.0,"max_hp_gain":0.0,"max_hp_loss":0.0,"gold_gain":0.0,"event_name":"Scrap Ooze","player_choice":"Fled","floor":2.0,"gold_loss":0.0,"damage_taken":5.0},{"damage_healed":0,"gold_gain":0,"player_choice":"Ignored","damage_taken":0,"max_hp_gain":0,"max_hp_loss":0,"event_name":"Cursed Tome","floor":21,"gold_loss":0},{"damage_healed":0,"gold_gain":0,"player_choice":"Got Potions","damage_taken":0,"max_hp_gain":0,"max_hp_loss":0,"event_name":"Lab","floor":22,"gold_loss":0},{"cards_removed":["Strike_B"],"damage_healed":0,"gold_gain":0,"player_choice":"Gave Gold","damage_taken":0,"max_hp_gain":0,"max_hp_loss":0,"event_name":"Beggar","floor":29,"gold_loss":75},{"damage_healed":0,"gold_gain":0,"player_choice":"Ignored","damage_taken":0,"max_hp_gain":0,"max_hp_loss":0,"event_name":"The Mausoleum","floor":30,"gold_loss":0}],"is_beta":false,"boss_relics":[{"not_picked":["Inserter","FrozenCore"],"picked":"Coffee Dripper"}],"items_purged_floors":[5,20],"is_endless":false,"potions_floor_spawned":[4,10,12,14,19,23],"killed_by":"Automaton","ascension_level":20,"potion_discard_per_floor":[[],[],[],[],[],[],[],[],[],[],[],[],[],[],[],[],[],[],[],[],[],["PowerPotion"],[],[],[],[],[],[],[],[],[],[],[]]}