{"neow_bonuses_skipped_log":["UPGRADE_CARD","RANDOM_COMMON_RELIC","BOSS_RELIC"],"potions_obtained_entropic_brew":[[],[],[],[],[],[],[],[],[],[],[],[],[],[],[],[],[],[],[],[],[],[],[],[],[],[],[],[],[],[],[],[],[],[],[],[],[],[],[],[],[],[],[],[],[],[],[],[],[],[],[],[],[],[],[],[],[]],"neow_costs_skipped_log":["NONE","NONE","NONE"],"gold_per_floor":[112,131,131,145,164,207,207,232,256,256,256,281,297,326,326,409,454,479,500,518,543,458,458,476,495,495,585,629,629,341,380,380,463,463,480,494,218,242,242,268,268,268,268,296,322,151,165,175,175,175,175,175,175,23,53,53],"floor_reached":57,"playtime":9216,"items_purged":["Thunder Strike","Barrage"],"score":2903,"play_id":"5e13cb86-aee3-4698-a823-6a88ed9896e5","local_time":"20240201221626","falling_options_log":["Rebound","Genetic Algorithm+1"],"score_breakdown":["Floors Climbed (57): 285","Enemies Slain (17): 34","Exordium Elites Killed (2): 20","City Elites Killed (2): 40","Beyond Elites Killed (2): 60","Bosses Slain (5): 750","Money Money (1011): 25","Champion (3): 75","Overkill: 25","C-c-c-combo: 25","Ascension (20): 1314","Heartbreaker: 250"],"is_ascension_mode":true,"potions_obtained_alchemize":[[],[],[],[],[],[],[],[],[],[],[],[],[],[],[],[],[],[],[],[],[],[],[],[],[],[],[],[],[],[],[],[],[],[],[],[],[],[],[],[],[],[],[],[],[],[],[],[],[],[],[],[],[],[],[],[],[]],"campfire_choices":[{"data":"Doom and Gloom","floor":7.0,"key":"SMITH"},{"data":"Defragment","floor":10.0,"key":"SMITH"},{"data":"Reinforced Body","floor":15.0,"key":"SMITH"},{"data":"Seek","floor":23.0,"key":"SMITH"},{"data":"Coolheaded","floor":29.0,"key":"SMITH"},{"data":"Hologram","floor":32.0,"key":"SMITH"},{"floor":42.0,"key":"RECALL"},{"data":"Recycle","floor":49.0,"key":"SMITH"},{"data":"Coolheaded","floor":53.0,"key":"SMITH"}],"lesson_learned_per_floor":[[],[],[],[],[],[],[],[],[],[],[],[],[],[],[],[],[],[],[],[],[],[],[],[],[],[],[],[],[],[],[],[],[],[],[],[],[],[],[],[],[],[],[],[],[],[],[],[],[],[],[],[],[],[],[],[],[]],"neow_cost":"PERCENT_DAMAGE","improvable_cards":{"Genetic Algorithm+1":[92]},"seed_source_timestamp":0,"shop_contents":[{"floor":30,"relics":["Unceasing Top","Thread and Needle"],"cards":["Gash","Scrape","Chaos","Heatsinks","Finesse","Sadistic Nature"],"potions":["BlessingOfTheForge","FairyPotion","Weak Potion"]},{"floor":37,"relics":["Dream Catcher","Ancient Tea Set"],"cards":["Beam Cell","Melter","Hologram","Creative AI","Violence"],"potions":["Swift Potion","LiquidBronze","EssenceOfDarkness"]},{"floor":46,"relics":["Eternal Feather"],"cards":["FTL","Barrage","Stack","Leap","Defragment","Jack Of All Trades","HandOfGreed"],"potions":["Weak Potion","Block Potion","DistilledChaos"]},{"floor":54,"relics":["Torii","Orichalcum"],"cards":["Streamline","Doom and Gloom","Steam","Redo","Secret Technique"],"potions":["EssenceOfDarkness","GamblersBrew","BlessingOfTheForge"]}],"circlet_count":0,"master_deck":["AscendersBane","Zap","Dualcast+1","Genetic Algorithm+1","Self Repair","Rebound","Reinforced Body+1","Defragment+1","Doom and Gloom+1","Turbo+1","Undo","Seek+1","Coolheaded+1","Core Surge","Hologram","Defragment","Creative AI","Loop","Electrodynamics","Heatsinks+1","Coolheaded+1","Hologram+1","Fission","Recycle+1","Panacea","Capacitor","Dark Shackles","Defragment"],"special_seed":0,"potion_use_per_floor":[[],[],[],[],[],["ColorlessPotion"],[],[],[],[],[],[],[],[],[],[],[],[],[],[],[],[],[],[],[],[],[],["PowerPotion"],[],[],[],[],[],[],[],[],[],[],[],[],[],[],[],[],[],[],[],[],[],[],[],[],[],[],[],["FocusPotion","DuplicationPotion"],[]],"relics":["Cracked Core","CeramicFish","Bag of Preparation","Lantern","Pandora\u0027s Box","Symbiotic Virus","Pear","Blood Vial","ClockworkSouvenir","Matryoshka","Nuclear Battery","Membership Card","DataDisk","Incense Burner","Bag of Marbles","Juzu Bracelet","Kunai","Centennial Puzzle","Chemical X","Strange Spoon","Oddly Smooth Stone"],"potions_floor_usage":[56,56],"damage_taken":[{"damage":2.0,"enemies":"2 Louse","floor":1.0,"turns":4.0},{"damage":2.0,"enemies":"Small Slimes","floor":2.0,"turns":4.0},{"damage":2.0,"enemies":"Jaw Worm","floor":4.0,"turns":3.0},{"damage":14.0,"enemies":"Exordium Wildlife","floor":5.0,"turns":4.0},{"damage":11.0,"enemies":"Gremlin Nob","floor":6.0,"turns":3.0},{"damage":0.0,"enemies":"Looter","floor":8.0,"turns":3.0},{"damage":10.0,"enemies":"3 Sentries","floor":12.0,"turns":3.0},{"damage":0.0,"enemies":"Lots of Slimes","floor":13.0,"turns":3.0},{"damage":0.0,"enemies":"Exordium Wildlife","floor":14.0,"turns":4.0},{"damage":2.0,"enemies":"The Guardian","floor":16.0,"turns":9.0},{"damage":6.0,"enemies":"Shell Parasite","floor":18.0,"turns":8.0},{"damage":0.0,"enemies":"Chosen","floor":19.0,"turns":3.0},{"damage":15.0,"enemies":"3 Cultists","floor":21.0,"turns":5.0},{"damage":0.0,"enemies":"Cultist and Chosen","floor":24.0,"turns":5.0},{"damage":8.0,"enemies":"Chosen and Byrds","floor":25.0,"turns":5.0},{"damage":0.0,"enemies":"Slavers","floor":28.0,"turns":2.0},{"damage":0.0,"enemies":"Gremlin Leader","floor":31.0,"turns":5.0},{"damage":22.0,"enemies":"Champ","floor":33.0,"turns":19.0},{"damage":0.0,"enemies":"3 Shapes","floor":35.0,"turns":3.0},{"damage":3.0,"enemies":"3 Darklings","floor":36.0,"turns":3.0},{"damage":1.0,"enemies":"Reptomancer","floor":40.0,"turns":11.0},{"damage":0.0,"enemies":"Sphere and 2 Shapes","floor":44.0,"turns":3.0},{"damage":0.0,"enemies":"Nemesis","floor":45.0,"turns":7.0},{"damage":0.0,"enemies":"4 Shapes","floor":47.0,"turns":3.0},{"damage":3.0,"enemies":"Writhing Mass","floor":48.0,"turns":9.0},{"damage":24.0,"enemies":"Donu and Deca","floor":50.0,"turns":11.0},{"damage":3.0,"enemies":"Time Eater","floor":51.0,"turns":19.0},{"damage":23.0,"enemies":"Shield and Spear","floor":55.0,"turns":8.0},{"damage":24,"enemies":"The Heart","floor":56,"turns":11}],"green_key_taken_log":40,"seed_played":"8949266522282777590","neow_bonus_log":{"cardsObtained":["Genetic Algorithm","Self Repair"],"cardsUpgraded":[],"cardsRemoved":[],"cardsTransformed":["Strike_B","Defend_B"],"relicsObtained":[],"maxHpGained":0,"goldGained":0,"damageTaken":18,"goldLost":0,"maxHpLost":0},"potions_obtained":[{"floor":4.0,"key":"ColorlessPotion"},{"floor":6.0,"key":"Swift Potion"},{"floor":14.0,"key":"FocusPotion"},{"floor":16.0,"key":"PowerPotion"},{"floor":28.0,"key":"Energy Potion"},{"floor":40.0,"key":"DuplicationPotion"}],"is_trial":false,"path_per_floor":["M","M","?","M","M","E","R","M","T","R","?","E","M","M","R","B",null,"M","M","?","M","?","R","M","M","T","?","E","R","$","E","R","B",null,"M","M","$","T","?","E","?","R","T","M","E","$","M","M","R","B","B",null,"R","$","E","B",null],"character_chosen":"DEFECT","basemod:card_modifiers":[null,null,null,null,null,null,null,null,null,null,null,null,null,null,null,null,null,null,null,null,null,null,null,null,null,null,null,null],"items_purchased":["Coolheaded","ClockworkSouvenir","Membership Card","Recycle","Panacea","Centennial Puzzle","Chemical X","Strange Spoon","Dark Shackles","Defragment"],"campfire_rested":0,"item_purchase_floors":[30,30,37,37,37,46,46,54,54,54],"current_hp_per_floor":[51,56,35,33,26,22,22,29,29,29,29,19,26,33,33,38,63,64,71,71,63,63,63,70,62,72,60,60,60,60,69,69,56,75,81,81,81,81,81,81,81,81,81,81,81,81,81,81,81,64,70,78,78,78,64,49],"gold":53,"neow_bonus":"TRANSFORM_TWO_CARDS","is_prod":false,"is_daily":false,"rewards_skipped":[{"floor":18,"relics":[],"potions":["SteroidPotion"]},{"floor":25,"relics":[],"potions":["SneckoOil"]},{"floor":33,"relics":[],"potions":["Explosive Potion"]},{"floor":35,"relics":[],"potions":["LiquidBronze"]},{"floor":47,"relics":[],"potions":["EntropicBrew"]},{"floor":55,"relics":[],"potions":["PowerPotion"]}],"chose_seed":false,"campfire_upgraded":8,"win_rate":0,"floor_exit_playtime":[400,529,548,584,656,826,838,913,919,928,954,1059,1147,1217,1263,1474,1549,1845,1962,2039,2263,2268,2290,2495,2678,2684,2699,2871,2909,3016,3176,3186,3674,3706,3952,4117,4208,4221,4249,4812,4873,4899,4923,5077,5311,5349,5464,5842,5855,6593,7478,7490,7567,7612,8189,9216],"timestamp":1706843786,"blue_key_relic_skipped_log":{"floor":38,"relicID":"War Paint"},"path_taken":["M","M","?","M","M","E","R","M","T","R","?","E","M","M","R","BOSS","M","M","?","M","?","R","M","M","T","?","E","R","$","E","R","BOSS","M","M","$","?","?","E","?","R","T","M","E","?","M","M","R","BOSS","BOSS","R","$","E","BOSS"],"build_version":"2022-12-01","purchased_purges":2,"victory":true,"max_hp_per_floor":[71,71,71,71,71,71,71,71,71,71,71,71,71,71,71,71,71,71,71,71,71,71,71,71,71,81,81,81,81,81,81,81,81,81,81,81,81,81,81,81,81,81,81,81,81,81,81,81,81,81,81,81,81,81,81,81],"relic_stats":{"counters":[29,180],"CeramicFish":216,"Bag of Preparation":[46],"Juzu Bracelet":0,"Blood Vial":12,"Strange Spoon":[13],"Centennial Puzzle":[13],"Matryoshka":2,"Pandora\u0027s Box":["Aggregate","Thunder Strike","Coolheaded","Barrage","Core Surge"],"Membership Card":469,"Kunai":[0],"Chemical X":[24],"obtain_stats":[{"Lantern":12,"Pear":26,"CeramicFish":6,"Oddly Smooth Stone":55,"Bag of Preparation":9,"Incense Burner":40,"Juzu Bracelet":43,"ClockworkSouvenir":30,"Nuclear Battery":34,"Blood Vial":28,"Strange Spoon":54,"DataDisk":38,"Centennial Puzzle":46,"Matryoshka":31,"Pandora\u0027s Box":17,"Bag of Marbles":43,"Membership Card":37,"Kunai":45,"Chemical X":46,"Cracked Core":0,"Symbiotic Virus":22},{"Lantern":7,"Pear":15,"CeramicFish":5,"Oddly Smooth Stone":28,"Bag of Preparation":6,"Incense Burner":21,"Juzu Bracelet":21,"ClockworkSouvenir":16,"Nuclear Battery":18,"Blood Vial":16,"Strange Spoon":27,"DataDisk":20,"Centennial Puzzle":23,"Matryoshka":17,"Pandora\u0027s Box":10,"Bag of Marbles":21,"Membership Card":20,"Kunai":23,"Chemical X":23,"Cracked Core":0,"Symbiotic Virus":13},{"Lantern":24,"Pear":66,"CeramicFish":18,"Oddly Smooth Stone":169,"Bag of Preparation":21,"Incense Burner":109,"Juzu Bracelet":109,"ClockworkSouvenir":68,"Nuclear Battery":92,"Blood Vial":68,"Strange Spoon":161,"DataDisk":98,"Centennial Puzzle":119,"Matryoshka":73,"Pandora\u0027s Box":40,"Bag of Marbles":109,"Membership Card":98,"Kunai":119,"Chemical X":119,"Cracked Core":0,"Symbiotic Virus":56}]},"card_choices":[{"not_picked":["Self Repair","Steam"],"picked":"Streamline","floor":1.0},{"not_picked":["Heatsinks","Redo"],"picked":"Rebound","floor":2.0},{"not_picked":["Coolheaded","Self Repair"],"picked":"Reinforced Body","floor":4.0},{"not_picked":["Reprogram","Steam"],"picked":"Defragment","floor":5.0},{"not_picked":["Machine Learning","Buffer"],"picked":"Doom and Gloom","floor":6.0},{"not_picked":["BootSequence","Gash"],"picked":"Turbo","floor":8.0},{"not_picked":["Tempest","White Noise","Darkness"],"picked":"SKIP","floor":12.0},{"not_picked":["Sunder","FTL","Force Field"],"picked":"SKIP","floor":13.0},{"not_picked":["Steam Power","Ball Lightning"],"picked":"Undo","floor":14.0},{"not_picked":["Hyperbeam","Machine Learning"],"picked":"Seek","floor":16.0},{"not_picked":["Chaos","Conserve Battery"],"picked":"Hologram","floor":18.0},{"not_picked":["Streamline+1","FTL"],"picked":"Defragment","floor":19.0},{"not_picked":["Consume","Chaos"],"picked":"Loop","floor":21.0},{"not_picked":["Stack","Go for the Eyes","Scrape"],"picked":"SKIP","floor":24.0},{"not_picked":["Reinforced Body","Streamline"],"picked":"Electrodynamics","floor":25.0},{"not_picked":["Fusion","Scrape"],"picked":"Heatsinks+1","floor":28.0},{"not_picked":["Stack","Streamline"],"picked":"Hologram","floor":31.0},{"not_picked":["Multi-Cast","Machine Learning"],"picked":"Fission","floor":33.0},{"not_picked":["Ball Lightning","Coolheaded","Self Repair+1"],"picked":"SKIP","floor":35.0},{"not_picked":["Gash","Redo+1","Leap"],"picked":"SKIP","floor":36.0},{"not_picked":["All For One","Cold Snap","Gash"],"picked":"SKIP","floor":40.0},{"not_picked":["Compile Driver","Go for the Eyes"],"picked":"Capacitor","floor":44.0},{"not_picked":["Rebound+1","Go for the Eyes","Storm+1"],"picked":"SKIP","floor":45.0},{"not_picked":["White Noise","Cold Snap+1","Hello World+1"],"picked":"SKIP","floor":47.0},{"not_picked":["Defragment","Turbo","Conserve Battery"],"picked":"SKIP","floor":48.0},{"not_picked":["Lockon+1","Consume","Gash+1"],"picked":"SKIP","floor":55.0}],"player_experience":154276,"relics_obtained":[{"floor":6.0,"key":"CeramicFish"},{"floor":9.0,"key":"Bag of Preparation"},{"floor":12.0,"key":"Lantern"},{"floor":26.0,"key":"Pear"},{"floor":28.0,"key":"Blood Vial"},{"floor":31.0,"key":"Matryoshka"},{"floor":38.0,"key":"DataDisk"},{"floor":40.0,"key":"Incense Burner"},{"floor":43.0,"key":"Bag of Marbles"},{"floor":43.0,"key":"Juzu Bracelet"},{"floor":45.0,"key":"Kunai"},{"floor":55.0,"key":"Oddly Smooth Stone"}],"event_choices":[{"damage_healed":0.0,"max_hp_gain":0.0,"max_hp_loss":0.0,"gold_gain":0.0,"event_name":"Shining Light","player_choice":"Entered Light","floor":3.0,"gold_loss":0.0,"damage_taken":21.0,"cards_upgraded":["Genetic Algorithm","Dualcast"]},{"cards_removed":["Strike_B"],"damage_healed":0.0,"max_hp_gain":0.0,"max_hp_loss":0.0,"gold_gain":0.0,"event_name":"Living Wall","player_choice":"Forget","floor":11.0,"gold_loss":0.0,"damage_taken":0.0},{"damage_healed":0.0,"max_hp_gain":0.0,"max_hp_loss":0.0,"gold_gain":0.0,"cards_transformed":["Streamline","Aggregate"],"event_name":"Drug Dealer","player_choice":"Became Test Subject","floor":20.0,"gold_loss":0.0,"damage_taken":0.0,"cards_obtained":["Defragment","Creative AI"]},{"damage_healed":0.0,"max_hp_gain":0.0,"max_hp_loss":0.0,"gold_gain":0.0,"event_name":"Addict","player_choice":"Obtained Relic","floor":22.0,"gold_loss":85.0,"damage_taken":0.0,"relics_obtained":["Symbiotic Virus"]},{"damage_healed":0.0,"max_hp_gain":0.0,"max_hp_loss":0.0,"gold_gain":90.0,"event_name":"Knowing Skull","player_choice":"GOLD ","floor":27.0,"potions_obtained":[],"gold_loss":0.0,"damage_taken":12.0,"cards_obtained":[]},{"cards_removed":["Defragment"],"damage_healed":0.0,"max_hp_gain":0.0,"max_hp_loss":0.0,"gold_gain":0.0,"event_name":"Falling","player_choice":"Removed Power","floor":39.0,"gold_loss":0.0,"damage_taken":0.0},{"damage_healed":0.0,"max_hp_gain":0.0,"max_hp_loss":0.0,"gold_gain":0.0,"event_name":"Upgrade Shrine","player_choice":"Upgraded","floor":41.0,"gold_loss":0.0,"damage_taken":0.0,"cards_upgraded":["Turbo"]}],"is_beta":false,"boss_relics":[{"not_picked":["Black Star","Runic Dome"],"picked":"Pandora\u0027s Box"},{"not_picked":["Tiny House","Snecko Eye"],"picked":"Nuclear Battery"}],"items_purged_floors":[30,37],"is_endless":false,"potions_floor_spawned":[4,6,14,16,18,25,28,33,35,40,47,55],"ascension_level":20,"potion_discard_per_floor":[[],[],[],[],[],[],[],[],[],[],[],[],[],[],[],["Swift Potion"],[],[],[],[],[],[],[],[],[],[],[],[],[],[],[],[],[],[],[],[],[],[],[],["Energy Potion"],[],[],[],[],[],[],[],[],[],[],[],[],[],[],[],[],[]]}