{"neow_bonuses_skipped_log":["REMOVE_CARD","ONE_RARE_RELIC","BOSS_RELIC"],"neow_costs_skipped_log":["NONE","TEN_PERCENT_HP_LOSS","NONE"],"potions_obtained_entropic_brew":[[],[],[],[],[],[],[],[],[],[],[],[],[],[],[],[]],"gold_per_floor":[217,292,47,60,79,107,107,140,165,165,196,196,196,231,231,231],"floor_reached":16,"playtime":1082,"items_purged":[],"score":252,"play_id":"4aed10d5-c567-4c0b-9f4d-c6e95eed0796","local_time":"20240126140302","score_breakdown":["Floors Climbed (16): 80","Enemies Slain (3): 6","Exordium Elites Killed (4): 40","Bosses Slain (0): 0","Ascension (20): 126"],"is_ascension_mode":true,"potions_obtained_alchemize":[[],[],[],[],[],[],[],[],[],[],[],[],[],[],[],[]],"campfire_choices":[{"data":"1","floor":7,"key":"LIFT"},{"floor":10,"key":"REST"},{"floor":13,"key":"REST"},{"data":"Reprogram","floor":15,"key":"SMITH"}],"lesson_learned_per_floor":[[],[],[],[],[],[],[],[],[],[],[],[],[],[],[],[]],"neow_cost":"NONE","improvable_cards":{},"seed_source_timestamp":1368193314250,"shop_contents":[{"floor":3,"relics":["Bag of Preparation","War Paint","TheAbacus"],"cards":["Melter","Force Field","Panacea","Sadistic Nature"],"potions":["SpeedPotion","LiquidBronze"]}],"circlet_count":0,"master_deck":["AscendersBane","Strike_B","Strike_B","Strike_B","Strike_B","Defend_B","Defend_B","Defend_B","Defend_B","Zap","Dualcast","Sweeping Beam","Self Repair","Hologram","Streamline","Undo","Electrodynamics","Static Discharge","Reprogram+1"],"special_seed":0,"potion_use_per_floor":[[],[],[],[],[],["BlessingOfTheForge"],[],[],[],[],[],[],[],[],[],["GamblersBrew","AttackPotion"]],"relics":["Cracked Core","Girya","Regal Pillow","Omamori","Pen Nib","Anchor","Art of War"],"potions_floor_usage":[6,16,16],"damage_taken":[{"damage":0.0,"enemies":"Cultist","floor":1.0,"turns":3.0},{"damage":7.0,"enemies":"Jaw Worm","floor":4.0,"turns":3.0},{"damage":7,"enemies":"Small Slimes","floor":5,"turns":3},{"damage":14,"enemies":"Lagavulin","floor":6,"turns":8},{"damage":36,"enemies":"Gremlin Nob","floor":8,"turns":4},{"damage":33,"enemies":"Lagavulin","floor":11,"turns":7},{"damage":30,"enemies":"3 Sentries","floor":14,"turns":5},{"damage":36,"enemies":"Hexaghost","floor":16,"turns":9}],"seed_played":"-472795707419636085","neow_bonus_log":{"cardsObtained":[],"cardsUpgraded":[],"cardsRemoved":[],"cardsTransformed":[],"relicsObtained":[],"maxHpGained":0,"goldGained":100,"damageTaken":0,"goldLost":0,"maxHpLost":0},"potions_obtained":[{"floor":4.0,"key":"EssenceOfSteel"},{"floor":5,"key":"GamblersBrew"},{"floor":11,"key":"AttackPotion"}],"is_trial":false,"path_per_floor":["M","?","$","M","M","E","R","E","T","R","E","?","R","E","R","B"],"character_chosen":"DEFECT","basemod:card_modifiers":[null,null,null,null,null,null,null,null,null,null,null,null,null,null,null,null,null,null,null],"items_purchased":["Self Repair","BlessingOfTheForge","Hologram","Gash"],"campfire_rested":2,"item_purchase_floors":[3,3,3,3],"current_hp_per_floor":[64,53,53,53,53,49,49,13,13,49,23,23,59,36,36,0],"gold":231,"neow_bonus":"HUNDRED_GOLD","is_prod":false,"is_daily":false,"rewards_skipped":[{"floor":14,"relics":[],"potions":["Dexterity Potion"]}],"chose_seed":false,"campfire_upgraded":1,"win_rate":0,"floor_exit_playtime":[86,91,129,239,281,419,455,570,574,580,740,766,789,896,914],"timestamp":1706295782,"path_taken":["M","?","$","M","M","E","R","E","T","R","E","?","R","E","R","BOSS"],"build_version":"2022-12-01","purchased_purges":0,"victory":false,"max_hp_per_floor":[71,71,71,71,71,71,71,71,71,71,71,71,71,71,71,71],"relic_stats":{"Girya":1,"Regal Pillow":30,"counters":[8,42],"Pen Nib":[1],"Omamori":0,"Art of War":[2],"obtain_stats":[{"Girya":6,"Regal Pillow":8,"Anchor":12,"Pen Nib":11,"Omamori":9,"Art of War":14,"Cracked Core":0},{"Girya":4,"Regal Pillow":5,"Anchor":6,"Pen Nib":6,"Omamori":5,"Art of War":7,"Cracked Core":0},{"Girya":17,"Regal Pillow":21,"Anchor":28,"Pen Nib":28,"Omamori":21,"Art of War":33,"Cracked Core":0}]},"card_choices":[{"not_picked":["Storm","Heatsinks"],"picked":"Sweeping Beam","floor":1.0},{"not_picked":["Sunder","Barrage"],"picked":"Streamline","floor":4.0},{"not_picked":["Aggregate","Coolheaded"],"picked":"Undo","floor":5},{"not_picked":["Fusion","Sweeping Beam"],"picked":"Electrodynamics","floor":6},{"not_picked":["Conserve Battery","Tempest"],"picked":"Static Discharge","floor":8},{"not_picked":["Chaos","Loop","Ball Lightning"],"picked":"SKIP","floor":11},{"not_picked":["Barrage","Undo"],"picked":"Reprogram","floor":14}],"player_experience":189632,"relics_obtained":[{"floor":6,"key":"Girya"},{"floor":8,"key":"Regal Pillow"},{"floor":9,"key":"Omamori"},{"floor":11,"key":"Pen Nib"},{"floor":14,"key":"Art of War"}],"event_choices":[{"damage_healed":0.0,"max_hp_gain":0.0,"max_hp_loss":0.0,"gold_gain":75.0,"event_name":"World of Goop","player_choice":"Gather Gold","floor":2.0,"gold_loss":0.0,"damage_taken":11.0},{"cards_removed":["Gash"],"damage_healed":0,"gold_gain":0,"player_choice":"Gave Card","damage_taken":0,"relics_obtained":["Anchor"],"max_hp_gain":0,"max_hp_loss":0,"event_name":"WeMeetAgain","floor":12,"gold_loss":0}],"is_beta":false,"boss_relics":[],"items_purged_floors":[],"is_endless":false,"potions_floor_spawned":[4,5,11,14],"killed_by":"Hexaghost","ascension_level":20,"potion_discard_per_floor":[[],[],[],[],["EssenceOfSteel"],[],[],[],[],[],[],[],[],[],[],[]]}