{"neow_bonuses_skipped_log":["TRANSFORM_CARD","TWO_FIFTY_GOLD","BOSS_RELIC"],"neow_costs_skipped_log":["NONE","PERCENT_DAMAGE","NONE"],"potions_obtained_entropic_brew":[[],[],[],[],[],[],[],[],[],[],[]],"gold_per_floor":[113,129,30,30,46,71,71,97,97,97,97],"floor_reached":11,"playtime":480,"items_purged":[],"score":162,"play_id":"880dbadb-ab6b-48fd-a87d-4af20ce949d8","local_time":"20240124093206","score_breakdown":["Floors Climbed (11): 55","Enemies Slain (3): 6","Exordium Elites Killed (2): 20","Bosses Slain (0): 0","Ascension (20): 81"],"is_ascension_mode":true,"potions_obtained_alchemize":[[],[],[],[],[],[],[],[],[],[],[]],"campfire_choices":[{"data":"Doom and Gloom","floor":7,"key":"SMITH"}],"lesson_learned_per_floor":[[],[],[],[],[],[],[],[],[],[],[]],"neow_cost":"NONE","improvable_cards":{},"seed_source_timestamp":52119896365458,"shop_contents":[{"floor":3,"relics":["Torii","InkBottle","Strange Spoon"],"cards":["Go for the Eyes","Recycle","Stack","Loop","Swift Strike","Metamorphosis"],"potions":["Weak Potion","SpeedPotion"]}],"circlet_count":0,"master_deck":["AscendersBane","Strike_B","Strike_B","Strike_B","Strike_B","Defend_B","Defend_B","Defend_B","Zap","Dualcast","Self Repair","Capacitor","Lockon","Doom and Gloom+1","Compile Driver","Reinforced Body"],"potion_use_per_floor":[[],[],[],[],[],["ColorlessPotion","PowerPotion"],[],[],[],[],["GamblersBrew"]],"relics":["Cracked Core","NeowsBlessing","Eternal Feather","Omamori","Letter Opener"],"potions_floor_usage":[6,6,11],"damage_taken":[{"damage":0,"enemies":"Jaw Worm","floor":1,"turns":1},{"damage":0,"enemies":"Small Slimes","floor":2,"turns":1},{"damage":0,"enemies":"2 Louse","floor":5,"turns":1},{"damage":13,"enemies":"Gremlin Nob","floor":6,"turns":3},{"damage":35,"enemies":"3 Sentries","floor":8,"turns":5},{"damage":44,"enemies":"Gremlin Nob","floor":11,"turns":3}],"green_key_taken_log":6,"seed_played":"-4692425858393189356","neow_bonus_log":{"cardsObtained":[],"cardsUpgraded":[],"cardsRemoved":[],"cardsTransformed":[],"relicsObtained":["NeowsBlessing"],"maxHpGained":0,"goldGained":0,"damageTaken":0,"goldLost":0,"maxHpLost":0},"potions_obtained":[{"floor":2,"key":"ColorlessPotion"},{"floor":8,"key":"GamblersBrew"}],"is_trial":false,"path_per_floor":["M","M","$","?","M","E","R","E","T","?","?"],"character_chosen":"DEFECT","basemod:card_modifiers":[null,null,null,null,null,null,null,null,null,null,null,null,null,null,null,null],"items_purchased":["PowerPotion","Lockon"],"campfire_rested":0,"item_purchase_floors":[3,3],"current_hp_per_floor":[64,71,71,76,76,70,76,41,41,34,0],"gold":97,"neow_bonus":"THREE_ENEMY_KILL","is_prod":false,"is_daily":false,"rewards_skipped":[],"chose_seed":false,"campfire_upgraded":1,"win_rate":0,"floor_exit_playtime":[87,107,154,157,170,253,273,386,390,421],"timestamp":1706106726,"path_taken":["M","M","$","?","?","E","R","E","T","?","?"],"build_version":"2022-12-01","purchased_purges":0,"victory":false,"max_hp_per_floor":[71,71,71,76,76,76,76,76,76,76,76],"relic_stats":{"counters":[6,14],"Eternal Feather":6,"Omamori":0,"Letter Opener":[0],"obtain_stats":[{"NeowsBlessing":0,"Eternal Feather":6,"Omamori":8,"Letter Opener":9,"Cracked Core":0},{"NeowsBlessing":0,"Eternal Feather":4,"Omamori":5,"Letter Opener":5,"Cracked Core":0},{"NeowsBlessing":0,"Eternal Feather":6,"Omamori":11,"Letter Opener":11,"Cracked Core":0}]},"card_choices":[{"not_picked":["Stack","Conserve Battery"],"picked":"Self Repair","floor":1},{"not_picked":["Scrape","Beam Cell"],"picked":"Capacitor","floor":2},{"not_picked":["Steam","Steam Power"],"picked":"Doom and Gloom","floor":5},{"not_picked":["Chaos","Aggregate"],"picked":"Compile Driver","floor":6},{"not_picked":["Auto Shields","Streamline"],"picked":"Reinforced Body","floor":8}],"player_experience":180223,"relics_obtained":[{"floor":6,"key":"Eternal Feather"},{"floor":8,"key":"Omamori"},{"floor":9,"key":"Letter Opener"}],"event_choices":[{"damage_healed":0,"gold_gain":0,"player_choice":"Donut","damage_taken":0,"max_hp_gain":5,"max_hp_loss":0,"event_name":"Big Fish","floor":4,"gold_loss":0},{"cards_removed":["Defend_B"],"damage_healed":0,"gold_gain":0,"player_choice":"Card Removal","damage_taken":7,"max_hp_gain":0,"max_hp_loss":0,"event_name":"Golden Wing","floor":10,"gold_loss":0},{"damage_healed":0,"gold_gain":0,"player_choice":"Searched \u00271\u0027 times","damage_taken":0,"max_hp_gain":0,"max_hp_loss":0,"event_name":"Dead Adventurer","floor":11,"gold_loss":0}],"is_beta":false,"boss_relics":[],"items_purged_floors":[],"is_endless":false,"potions_floor_spawned":[2,8],"killed_by":"Gremlin Nob","ascension_level":20,"potion_discard_per_floor":[[],[],[],[],[],[],[],[],[],[],[]]}