{"neow_bonuses_skipped_log":["ONE_RANDOM_RARE_CARD","TEN_PERCENT_HP_BONUS","BOSS_RELIC"],"neow_costs_skipped_log":["NONE","NONE","NONE"],"potions_obtained_entropic_brew":[[],[],[],[],[],[],[],[],[],[],[],[],[],[],[],[],[],[],[],[],[],[],[],[],[]],"gold_per_floor":[112,112,123,39,58,58,90,101,128,128,146,6,23,42,42,115,115,126,51,61,71,88,88,35,35],"floor_reached":25,"playtime":2540,"items_purged":["Defend_B"],"score":514,"play_id":"bc8e0ae7-ab5d-412f-a988-9237b537bfb1","local_time":"20240209005327","score_breakdown":["Floors Climbed (25): 125","Enemies Slain (11): 22","Exordium Elites Killed (1): 10","City Elites Killed (0): 0","Bosses Slain (1): 50","Perfect (1): 50","Ascension (20): 257"],"is_ascension_mode":true,"potions_obtained_alchemize":[[],[],[],[],[],[],[],[],[],[],[],[],[],[],[],[],[],[],[],[],[],[],[],[],[]],"campfire_choices":[{"data":"Zap","floor":6.0,"key":"SMITH"},{"floor":10.0,"key":"REST"},{"floor":15.0,"key":"REST"},{"data":"Coolheaded","floor":23,"key":"SMITH"}],"lesson_learned_per_floor":[[],[],[],[],[],[],[],[],[],[],[],[],[],[],[],[],[],[],[],[],[],[],[],[],[]],"neow_cost":"PERCENT_DAMAGE","improvable_cards":{},"seed_source_timestamp":202924901828625,"shop_contents":[{"floor":4,"relics":["Shuriken","Question Card","Orrery"],"cards":["Go for the Eyes","Melter","Stack","Loop","Enlightenment","HandOfGreed"],"potions":["Explosive Potion","Weak Potion"]},{"floor":12,"relics":["Regal Pillow","Orichalcum","ClockworkSouvenir"],"cards":["Go for the Eyes","Redo","Static Discharge","Blind","Panache"],"potions":["PowerPotion","BlessingOfTheForge","LiquidMemories"]},{"floor":19,"relics":["DataDisk","Bird Faced Urn","Lee\u0027s Waffle"],"cards":["Sweeping Beam","Meteor Strike","Hologram","Consume","Static Discharge","Blind","HandOfGreed"],"potions":["Fruit Juice","BlessingOfTheForge","EssenceOfSteel"]},{"floor":24,"relics":["Lizard Tail","Dream Catcher","PrismaticShard"],"cards":["Rebound","Rip and Tear","Conserve Battery","Recycle","Defragment","Finesse","Chrysalis"],"potions":["FairyPotion","PowerPotion"]}],"circlet_count":0,"master_deck":["AscendersBane","Defend_B","Defend_B","Defend_B","Zap+1","Dualcast","Panache","Rebound","Hologram","Beam Cell","Defragment","Ball Lightning","Biased Cognition","Gash","Recycle","Sweeping Beam","Self Repair","Meteor Strike","Glacier+1","Cold Snap+1","Recycle+1","Chill","Coolheaded+1","Heatsinks+1","Steam"],"special_seed":0,"potion_use_per_floor":[[],[],[],[],[],[],["BlessingOfTheForge"],[],[],[],[],[],["Regen Potion"],[],[],["Ancient Potion"],[],["DuplicationPotion"],[],[],["EssenceOfDarkness"],["SneckoOil"],[],[],["PowerPotion","LiquidMemories"]],"relics":["Cracked Core","MealTicket","Lantern","Astrolabe"],"potions_floor_usage":[21,22,25,25],"damage_taken":[{"damage":1.0,"enemies":"2 Louse","floor":1.0,"turns":2.0},{"damage":1.0,"enemies":"Cultist","floor":3.0,"turns":3.0},{"damage":7.0,"enemies":"Jaw Worm","floor":5.0,"turns":6.0},{"damage":15.0,"enemies":"3 Sentries","floor":7.0,"turns":5.0},{"damage":6.0,"enemies":"Looter","floor":8.0,"turns":2.0},{"damage":7.0,"enemies":"Lots of Slimes","floor":11.0,"turns":2.0},{"damage":13.0,"enemies":"Blue Slaver","floor":13.0,"turns":3.0},{"damage":18.0,"enemies":"Large Slime","floor":14.0,"turns":3.0},{"damage":0.0,"enemies":"Slime Boss","floor":16.0,"turns":4.0},{"damage":6.0,"enemies":"2 Thieves","floor":18.0,"turns":4.0},{"damage":0,"enemies":"Spheric Guardian","floor":20,"turns":3},{"damage":32,"enemies":"Centurion and Healer","floor":21,"turns":9},{"damage":40,"enemies":"Shelled Parasite and Fungi","floor":22,"turns":6},{"damage":39,"enemies":"Slavers","floor":25,"turns":3}],"seed_played":"-6833633623347950557","neow_bonus_log":{"cardsObtained":[],"cardsUpgraded":[],"cardsRemoved":[],"cardsTransformed":[],"relicsObtained":[],"maxHpGained":0,"goldGained":0,"damageTaken":18,"goldLost":0,"maxHpLost":0},"potions_obtained":[{"floor":8.0,"key":"DuplicationPotion"},{"floor":11.0,"key":"Regen Potion"},{"floor":13.0,"key":"SpeedPotion"},{"floor":14.0,"key":"Ancient Potion"},{"floor":16.0,"key":"EssenceOfDarkness"},{"floor":21,"key":"SneckoOil"},{"floor":22,"key":"LiquidMemories"}],"is_trial":false,"path_per_floor":["M","?","M","$","M","R","E","M","T","R","M","$","M","M","R","B",null,"M","$","M","M","M","R","$","E"],"character_chosen":"DEFECT","basemod:card_modifiers":[null,null,null,null,null,null,null,null,null,null,null,null,null,null,null,null,null,null,null,null,null,null,null,null,null],"items_purchased":["Hologram","BlessingOfTheForge","Gash","Recycle","PowerPotion"],"campfire_rested":2,"item_purchase_floors":[4,4,12,12,24],"current_hp_per_floor":[45,45,44,44,37,37,22,16,16,37,30,45,41,23,44,51,66,67,71,71,46,13,13,28,0],"gold":35,"neow_bonus":"RANDOM_COLORLESS_2","is_prod":false,"is_daily":false,"rewards_skipped":[],"chose_seed":false,"campfire_upgraded":2,"win_rate":0,"floor_exit_playtime":[336,390,431,453,543,559,709,755,764,783,873,921,1008,1103,1112,1217,1415,1578,1651,1715,1979,2200,2278,2300],"timestamp":1707458007,"path_taken":["M","?","M","$","?","R","E","M","T","R","M","?","M","M","R","BOSS","M","?","?","M","M","R","$","E"],"build_version":"2022-12-01","purchased_purges":1,"victory":false,"max_hp_per_floor":[71,71,71,71,71,71,71,71,71,71,71,71,71,71,71,71,71,71,71,71,71,71,71,71,71],"relic_stats":{"counters":[14,55],"Astrolabe":["Glacier","Cold Snap","Recycle"],"MealTicket":34,"obtain_stats":[{"Lantern":9,"Astrolabe":17,"MealTicket":7,"Cracked Core":0},{"Lantern":5,"Astrolabe":9,"MealTicket":4,"Cracked Core":0},{"Lantern":18,"Astrolabe":30,"MealTicket":16,"Cracked Core":0}]},"card_choices":[{"not_picked":["Sadistic Nature","Mayhem"],"picked":"Panache","floor":0.0},{"not_picked":["Force Field","Consume","Barrage"],"picked":"SKIP","floor":1.0},{"not_picked":["Steam","Beam Cell"],"picked":"Rebound","floor":3.0},{"not_picked":["Conserve Battery","Barrage"],"picked":"Beam Cell","floor":5.0},{"not_picked":["Chill","Force Field"],"picked":"Defragment","floor":7.0},{"not_picked":["Beam Cell","Recycle"],"picked":"Ball Lightning","floor":8.0},{"not_picked":["Compile Driver","Rebound"],"picked":"Biased Cognition","floor":11.0},{"not_picked":["Aggregate","Leap"],"picked":"Sweeping Beam","floor":13.0},{"not_picked":["Double Energy","Barrage"],"picked":"Self Repair","floor":14.0},{"not_picked":["Buffer","Creative AI"],"picked":"Meteor Strike","floor":16.0},{"not_picked":["Blizzard","Streamline+1"],"picked":"Chill","floor":18.0},{"not_picked":["Stack","Conserve Battery"],"picked":"Coolheaded","floor":20},{"not_picked":["Streamline","Turbo"],"picked":"Heatsinks+1","floor":21},{"not_picked":["Rebound","BootSequence"],"picked":"Steam","floor":22}],"player_experience":207256,"relics_obtained":[{"floor":7.0,"key":"MealTicket"},{"floor":9.0,"key":"Lantern"}],"event_choices":[{"cards_removed":["Strike_B"],"damage_healed":0.0,"max_hp_gain":0.0,"max_hp_loss":0.0,"gold_gain":0.0,"event_name":"Wheel of Change","player_choice":"Card Removal","floor":2.0,"gold_loss":0.0,"damage_taken":0.0}],"is_beta":false,"boss_relics":[{"not_picked":["SacredBark","Velvet Choker"],"picked":"Astrolabe"}],"items_purged_floors":[19],"is_endless":false,"potions_floor_spawned":[8,11,13,14,16,21,22],"killed_by":"Slavers","ascension_level":20,"potion_discard_per_floor":[[],[],[],[],[],[],[],[],[],[],[],[],[],["SpeedPotion"],[],[],[],[],[],[],[],[],[],[],[]]}