{"neow_bonuses_skipped_log":["THREE_CARDS","THREE_SMALL_POTIONS","BOSS_RELIC"],"neow_costs_skipped_log":["NONE","NONE","NONE"],"potions_obtained_entropic_brew":[[],[],[],[],[],[],[],[],[],[],[],[]],"gold_per_floor":[112,123,123,134,113,113,129,164,246,271,3,3],"floor_reached":12,"playtime":888,"items_purged":["Defend_B"],"score":180,"play_id":"92567154-8ca7-4e6a-a6a6-d8d669df2d06","local_time":"20240212181727","score_breakdown":["Floors Climbed (12): 60","Enemies Slain (5): 10","Exordium Elites Killed (2): 20","Bosses Slain (0): 0","Ascension (20): 90"],"is_ascension_mode":true,"potions_obtained_alchemize":[[],[],[],[],[],[],[],[],[],[],[],[]],"campfire_choices":[{"floor":6,"key":"REST"}],"lesson_learned_per_floor":[[],[],[],[],[],[],[],[],[],[],[],[]],"neow_cost":"PERCENT_DAMAGE","improvable_cards":{},"seed_source_timestamp":19231665058208,"shop_contents":[{"floor":11,"relics":["Girya","War Paint"],"cards":["Beam Cell","Rebound","Redo","Undo","Loop","Dramatic Entrance","Violence"],"potions":["SkillPotion"]}],"circlet_count":0,"master_deck":["AscendersBane","Strike_B","Strike_B","Strike_B","Strike_B","Defend_B","Defend_B","Defend_B","Zap","Dualcast","The Bomb","Glacier","Coolheaded","Electrodynamics","Rebound"],"potion_use_per_floor":[[],[],[],[],["Swift Potion"],[],[],["ColorlessPotion"],[],["SteroidPotion"],[],["GamblersBrew","Block Potion"]],"relics":["Cracked Core","Oddly Smooth Stone","Singing Bowl","CeramicFish","Membership Card"],"potions_floor_usage":[5,8,10,12,12],"damage_taken":[{"damage":1,"enemies":"Cultist","floor":1,"turns":4},{"damage":0,"enemies":"2 Louse","floor":2,"turns":2},{"damage":7,"enemies":"Small Slimes","floor":4,"turns":4},{"damage":12,"enemies":"Exordium Thugs","floor":5,"turns":4},{"damage":6,"enemies":"Looter","floor":7,"turns":4},{"damage":6,"enemies":"3 Sentries","floor":8,"turns":3},{"damage":30,"enemies":"Gremlin Nob","floor":10,"turns":4},{"damage":21,"enemies":"Lagavulin","floor":12,"turns":5}],"seed_played":"6986301922888518033","neow_bonus_log":{"cardsObtained":[],"cardsUpgraded":[],"cardsRemoved":[],"cardsTransformed":[],"relicsObtained":[],"maxHpGained":0,"goldGained":0,"damageTaken":18,"goldLost":0,"maxHpLost":0},"potions_obtained":[{"floor":1,"key":"Swift Potion"},{"floor":2,"key":"SteroidPotion"},{"floor":7,"key":"ColorlessPotion"}],"is_trial":false,"path_per_floor":["M","M","?","M","M","R","M","E","T","E","$","E"],"character_chosen":"DEFECT","basemod:card_modifiers":[null,null,null,null,null,null,null,null,null,null,null,null,null,null,null],"items_purchased":["Membership Card","Block Potion","GamblersBrew"],"campfire_rested":1,"item_purchase_floors":[11,11,11],"current_hp_per_floor":[45,45,45,38,26,47,41,35,35,7,7,0],"gold":3,"neow_bonus":"RANDOM_COLORLESS_2","is_prod":false,"is_daily":false,"rewards_skipped":[],"chose_seed":false,"campfire_upgraded":0,"win_rate":0,"floor_exit_playtime":[189,269,276,364,446,459,513,607,610,733,799],"timestamp":1707779847,"path_taken":["M","M","?","M","M","R","M","E","T","E","$","E"],"build_version":"2022-12-01","purchased_purges":1,"victory":false,"max_hp_per_floor":[71,71,71,71,71,71,71,71,71,73,73,73],"relic_stats":{"Singing Bowl":2,"counters":[8,30],"CeramicFish":0,"Membership Card":103,"obtain_stats":[{"Singing Bowl":9,"CeramicFish":10,"Oddly Smooth Stone":8,"Membership Card":11,"Cracked Core":0},{"Singing Bowl":6,"CeramicFish":7,"Oddly Smooth Stone":6,"Membership Card":7,"Cracked Core":0},{"Singing Bowl":21,"CeramicFish":25,"Oddly Smooth Stone":21,"Membership Card":25,"Cracked Core":0}]},"card_choices":[{"not_picked":["Sadistic Nature","Secret Technique"],"picked":"The Bomb","floor":0},{"not_picked":["Reinforced Body","Beam Cell"],"picked":"Glacier","floor":1},{"not_picked":["Beam Cell","Barrage"],"picked":"Coolheaded","floor":2},{"not_picked":["Stack","Compile Driver"],"picked":"Electrodynamics","floor":4},{"not_picked":["Conserve Battery","Stack","Redo"],"picked":"SKIP","floor":5},{"not_picked":["Steam Power","Steam"],"picked":"Rebound","floor":7},{"not_picked":["Sunder","White Noise","Static Discharge"],"picked":"SKIP","floor":8},{"not_picked":["All For One","Cold Snap","Conserve Battery"],"picked":"Singing Bowl","floor":10}],"player_experience":154694,"relics_obtained":[{"floor":8,"key":"Oddly Smooth Stone"},{"floor":9,"key":"Singing Bowl"},{"floor":10,"key":"CeramicFish"}],"event_choices":[{"damage_healed":0,"gold_gain":0,"player_choice":"Ignored","damage_taken":0,"max_hp_gain":0,"max_hp_loss":0,"event_name":"Liars Game","floor":3,"gold_loss":0}],"is_beta":false,"boss_relics":[],"items_purged_floors":[11],"is_endless":false,"potions_floor_spawned":[1,2,7],"killed_by":"Lagavulin","ascension_level":20,"potion_discard_per_floor":[[],[],[],[],[],[],[],[],[],[],[],[]]}