{"neow_bonuses_skipped_log":["ONE_RANDOM_RARE_CARD","RANDOM_COLORLESS_2","BOSS_RELIC"],"potions_obtained_entropic_brew":[[],[],[],[],[],[],[],[],[],[],[],[],[],[],[],[],[],[],[],[],[],[],[]],"neow_costs_skipped_log":["NONE","CURSE","NONE"],"gold_per_floor":[115,128,138,158,51,51,82,82,82,94,107,134,198,214,214,289,289,307,326,197,197,197,197],"floor_reached":23,"playtime":2432,"items_purged":["Defend_B"],"score":406,"play_id":"4e8bfc2d-2bac-4f40-b1d8-32e740f2824c","local_time":"20240212180017","score_breakdown":["Floors Climbed (23): 115","Enemies Slain (9): 18","Exordium Elites Killed (2): 20","City Elites Killed (0): 0","Bosses Slain (1): 50","Ascension (20): 203"],"is_ascension_mode":true,"potions_obtained_alchemize":[[],[],[],[],[],[],[],[],[],[],[],[],[],[],[],[],[],[],[],[],[],[],[]],"campfire_choices":[{"data":"Streamline","floor":6.0,"key":"SMITH"},{"data":"Sunder","floor":8.0,"key":"SMITH"},{"data":"Coolheaded","floor":15.0,"key":"SMITH"}],"lesson_learned_per_floor":[[],[],[],[],[],[],[],[],[],[],[],[],[],[],[],[],[],[],[],[],[],[],[]],"neow_cost":"NONE","improvable_cards":{},"seed_source_timestamp":0,"shop_contents":[{"floor":5,"relics":["Bottled Lightning","Lizard Tail","DollysMirror"],"cards":["Barrage","Fusion","Multi-Cast","Capacitor","Good Instincts","Thinking Ahead"],"potions":["Weak Potion","Strength Potion"]},{"floor":20,"relics":["Bag of Marbles","Bird Faced Urn","Chemical X"],"cards":["Sweeping Beam","Melter","Reboot","Turbo","Hello World","Forethought","Panache"],"potions":["Strength Potion","FearPotion"]}],"circlet_count":0,"master_deck":["AscendersBane","Strike_B+1","Strike_B+1","Strike_B+1","Strike_B+1","Defend_B+1","Defend_B+1","Defend_B+1","Zap","Dualcast","Cold Snap","Rebound","Leap","Streamline+1","Compile Driver","Sunder+1","Aggregate","Coolheaded+1","Consume","Hyperbeam","Hologram","Undo"],"special_seed":0,"potion_use_per_floor":[[],[],[],[],[],[],["BlessingOfTheForge"],[],[],[],[],["Energy Potion"],["LiquidMemories"],[],[],["Swift Potion"],[],[],["AttackPotion"],[],[],[],["Strength Potion"]],"relics":["Art of War","InkBottle","Meat on the Bone","Strawberry","WingedGreaves","SacredBark","Nloth\u0027s Gift"],"potions_floor_usage":[23],"damage_taken":[{"damage":9.0,"enemies":"Jaw Worm","floor":1.0,"turns":4.0},{"damage":0.0,"enemies":"Small Slimes","floor":2.0,"turns":2.0},{"damage":1.0,"enemies":"Cultist","floor":3.0,"turns":3.0},{"damage":0.0,"enemies":"Looter","floor":4.0,"turns":3.0},{"damage":18.0,"enemies":"Lagavulin","floor":7.0,"turns":6.0},{"damage":4.0,"enemies":"Lots of Slimes","floor":10.0,"turns":3.0},{"damage":1.0,"enemies":"3 Louse","floor":11.0,"turns":4.0},{"damage":4.0,"enemies":"Gremlin Nob","floor":12.0,"turns":3.0},{"damage":7.0,"enemies":"Gremlin Nob","floor":13.0,"turns":3.0},{"damage":0.0,"enemies":"Gremlin Gang","floor":14.0,"turns":6.0},{"damage":37.0,"enemies":"Slime Boss","floor":16.0,"turns":13.0},{"damage":8.0,"enemies":"Chosen","floor":18.0,"turns":4.0},{"damage":22.0,"enemies":"2 Thieves","floor":19.0,"turns":2.0},{"damage":65,"enemies":"Gremlin Leader","floor":23,"turns":10}],"green_key_taken_log":12,"seed_played":"4438393109777602582","neow_bonus_log":{"cardsObtained":[],"cardsUpgraded":[],"cardsRemoved":[],"cardsTransformed":[],"relicsObtained":["Art of War"],"maxHpGained":0,"goldGained":0,"damageTaken":0,"goldLost":0,"maxHpLost":0},"potions_obtained":[{"floor":3.0,"key":"Energy Potion"},{"floor":11.0,"key":"LiquidMemories"},{"floor":13.0,"key":"Swift Potion"},{"floor":14.0,"key":"Regen Potion"},{"floor":16.0,"key":"AttackPotion"}],"is_trial":false,"path_per_floor":["M","M","M","M","$","R","E","R","T","M","M","E","?","M","R","B",null,"M","M","$","?","?","E"],"character_chosen":"DEFECT","basemod:card_modifiers":[null,null,null,null,null,null,null,null,null,null,null,null,null,null,null,null,null,null,null,null,null,null],"items_purchased":["BlessingOfTheForge","Compile Driver","Strength Potion"],"campfire_rested":0,"item_purchase_floors":[5,5,20],"current_hp_per_floor":[55,55,54,54,54,54,36,36,36,44,43,46,51,51,51,26,65,57,47,47,47,47,0],"gold":197,"neow_bonus":"RANDOM_COMMON_RELIC","is_prod":false,"is_daily":false,"rewards_skipped":[{"floor":18,"relics":[],"potions":["SkillPotion"]}],"chose_seed":false,"campfire_upgraded":3,"win_rate":0.0,"floor_exit_playtime":[240,290,401,438,498,517,719,732,735,794,875,1052,1155,1265,1276,1629,1750,1838,1991,2074,2160,2171],"timestamp":1707778817,"path_taken":["M","M","M","M","$","R","E","R","T","M","M","E","?","M","R","BOSS","M","M","$","?","?","E"],"build_version":"2022-12-01","purchased_purges":1,"victory":false,"max_hp_per_floor":[71,71,71,71,71,71,71,71,71,71,71,78,78,78,78,78,78,78,78,78,78,78,78],"relic_stats":{"counters":[14,66],"WingedGreaves":1,"Art of War":[8],"Nloth\u0027s Gift":0,"obtain_stats":[{"Strawberry":12,"SacredBark":17,"WingedGreaves":13,"Art of War":0,"Nloth\u0027s Gift":21,"Cracked Core":0,"InkBottle":7,"Meat on the Bone":9},{"Strawberry":8,"SacredBark":11,"WingedGreaves":9,"Art of War":0,"Nloth\u0027s Gift":13,"Cracked Core":0,"InkBottle":5,"Meat on the Bone":5},{"Strawberry":28,"SacredBark":50,"WingedGreaves":31,"Art of War":0,"Nloth\u0027s Gift":56,"Cracked Core":0,"InkBottle":18,"Meat on the Bone":18}],"InkBottle":[15],"Meat on the Bone":48},"card_choices":[{"not_picked":["Turbo","Genetic Algorithm"],"picked":"Cold Snap","floor":1.0},{"not_picked":["Beam Cell","Cold Snap"],"picked":"Rebound","floor":2.0},{"not_picked":["Redo","Tempest"],"picked":"Leap","floor":3.0},{"not_picked":["Redo","Skim"],"picked":"Streamline","floor":4.0},{"not_picked":["Coolheaded","Cold Snap"],"picked":"Sunder","floor":7.0},{"not_picked":["Melter","Leap"],"picked":"Aggregate","floor":10.0},{"not_picked":["White Noise","Redo"],"picked":"Coolheaded","floor":11.0},{"not_picked":["Multi-Cast","Leap"],"picked":"Consume","floor":12.0},{"not_picked":["Stack","Conserve Battery","Hello World"],"picked":"SKIP","floor":13.0},{"not_picked":["Ball Lightning","Beam Cell","Stack"],"picked":"SKIP","floor":14.0},{"not_picked":["Buffer","All For One"],"picked":"Hyperbeam","floor":16.0},{"not_picked":["Compile Driver","Barrage"],"picked":"Hologram","floor":18.0},{"not_picked":["Conserve Battery","Gash+1"],"picked":"Undo","floor":19.0}],"player_experience":152262,"relics_obtained":[{"floor":7.0,"key":"InkBottle"},{"floor":9.0,"key":"Meat on the Bone"},{"floor":12.0,"key":"Strawberry"},{"floor":13.0,"key":"WingedGreaves"}],"event_choices":[{"damage_healed":0.0,"max_hp_gain":0.0,"max_hp_loss":0.0,"gold_gain":0.0,"event_name":"Dead Adventurer","player_choice":"Searched \u00271\u0027 times","floor":13.0,"gold_loss":0.0,"damage_taken":0.0},{"damage_healed":0.0,"max_hp_gain":0.0,"max_hp_loss":0.0,"gold_gain":0.0,"event_name":"N\u0027loth","player_choice":"Traded Relic","floor":21.0,"relics_lost":["Cracked Core"],"gold_loss":0.0,"damage_taken":0.0,"relics_obtained":["Nloth\u0027s Gift"]},{"damage_healed":0.0,"max_hp_gain":0.0,"max_hp_loss":0.0,"gold_gain":0.0,"event_name":"Back to Basics","player_choice":"Simplicity","floor":22.0,"gold_loss":0.0,"damage_taken":0.0,"cards_upgraded":["Strike_B","Strike_B","Strike_B","Strike_B","Defend_B","Defend_B","Defend_B"]}],"is_beta":false,"boss_relics":[{"not_picked":["Astrolabe","Calling Bell"],"picked":"SacredBark"}],"items_purged_floors":[20],"is_endless":false,"potions_floor_spawned":[3,11,13,14,16,18],"killed_by":"Gremlin Leader","ascension_level":20,"potion_discard_per_floor":[[],[],[],[],[],[],[],[],[],[],[],[],[],[],[],[],[],[],[],[],[],[],[]]}