{"neow_bonuses_skipped_log":["TEN_PERCENT_HP_BONUS","TRANSFORM_TWO_CARDS","BOSS_RELIC"],"neow_costs_skipped_log":["NONE","NO_GOLD","NONE"],"potions_obtained_entropic_brew":[[],[],[],[],[],[],[],[],[],[],[],[],[],[],[],[]],"gold_per_floor":[115,125,144,161,179,195,207,207,257,237,163,179,213,233,233,233],"floor_reached":16,"playtime":961,"items_purged":[],"score":216,"play_id":"83ff24b2-cbd2-42bf-b7e5-8dc0fbc8e53c","local_time":"20240209122553","score_breakdown":["Floors Climbed (16): 80","Enemies Slain (9): 18","Exordium Elites Killed (1): 10","Bosses Slain (0): 0","Ascension (20): 108"],"is_ascension_mode":true,"potions_obtained_alchemize":[[],[],[],[],[],[],[],[],[],[],[],[],[],[],[],[]],"campfire_choices":[{"floor":8.0,"key":"REST"},{"floor":15,"key":"REST"}],"lesson_learned_per_floor":[[],[],[],[],[],[],[],[],[],[],[],[],[],[],[],[]],"neow_cost":"NONE","improvable_cards":{},"seed_source_timestamp":217895381508209,"shop_contents":[],"circlet_count":0,"master_deck":["AscendersBane","Strike_B","Strike_B","Strike_B","Strike_B","Defend_B","Defend_B","Defend_B","Defend_B","Zap","Dualcast","All For One","Steam","Doom and Gloom","Gash","Scrape","Coolheaded","Self Repair","Skim","Gash"],"special_seed":0,"potion_use_per_floor":[[],[],[],[],[],[],["Fruit Juice"],[],[],[],[],["SpeedPotion"],["Weak Potion"],[],[],[]],"relics":["Cracked Core","Lantern","Matryoshka"],"potions_floor_usage":[12,13],"damage_taken":[{"damage":10.0,"enemies":"Small Slimes","floor":1.0,"turns":3.0},{"damage":12.0,"enemies":"2 Louse","floor":2.0,"turns":2.0},{"damage":1.0,"enemies":"Jaw Worm","floor":3.0,"turns":3.0},{"damage":1.0,"enemies":"Looter","floor":4.0,"turns":3.0},{"damage":11.0,"enemies":"3 Louse","floor":5.0,"turns":3.0},{"damage":23.0,"enemies":"Gremlin Gang","floor":6.0,"turns":4.0},{"damage":6.0,"enemies":"Lots of Slimes","floor":7.0,"turns":2.0},{"damage":0,"enemies":"Large Slime","floor":12,"turns":5},{"damage":23,"enemies":"Gremlin Nob","floor":13,"turns":4},{"damage":7,"enemies":"Blue Slaver","floor":14,"turns":4},{"damage":36,"enemies":"The Guardian","floor":16,"turns":10}],"seed_played":"1821653396512738415","neow_bonus_log":{"cardsObtained":["All For One"],"cardsUpgraded":[],"cardsRemoved":[],"cardsTransformed":[],"relicsObtained":[],"maxHpGained":0,"goldGained":0,"damageTaken":0,"goldLost":0,"maxHpLost":0},"potions_obtained":[{"floor":2.0,"key":"Fruit Juice"},{"floor":5.0,"key":"Weak Potion"},{"floor":7.0,"key":"SpeedPotion"},{"floor":14,"key":"Strength Potion"}],"is_trial":false,"path_per_floor":["M","M","M","M","M","M","M","R","T","?","?","M","E","M","R","B"],"character_chosen":"DEFECT","basemod:card_modifiers":[null,null,null,null,null,null,null,null,null,null,null,null,null,null,null,null,null,null,null,null],"items_purchased":[],"campfire_rested":2,"item_purchase_floors":[],"current_hp_per_floor":[54,42,41,40,29,6,5,27,27,27,27,34,11,11,33,0],"gold":233,"neow_bonus":"ONE_RANDOM_RARE_CARD","is_prod":false,"is_daily":false,"rewards_skipped":[{"floor":10,"relics":[],"potions":["Weak Potion"]}],"chose_seed":false,"campfire_upgraded":0,"win_rate":0,"floor_exit_playtime":[172,203,242,305,409,489,550,557,560,567,570,646,763,805,810],"timestamp":1707499553,"path_taken":["M","M","M","M","?","M","M","R","T","?","?","?","E","M","R","BOSS"],"build_version":"2022-12-01","purchased_purges":0,"victory":false,"max_hp_per_floor":[71,71,71,71,71,71,76,76,76,76,76,76,76,76,76,76],"relic_stats":{"Matryoshka":0,"counters":[11,43],"obtain_stats":[{"Lantern":9,"Matryoshka":13,"Cracked Core":0},{"Lantern":7,"Matryoshka":9,"Cracked Core":0},{"Lantern":20,"Matryoshka":29,"Cracked Core":0}]},"card_choices":[{"not_picked":["Streamline","Fusion"],"picked":"Steam","floor":1.0},{"not_picked":["Compile Driver","Hologram"],"picked":"Doom and Gloom","floor":2.0},{"not_picked":["Glacier","Beam Cell"],"picked":"Gash","floor":3.0},{"not_picked":["Barrage","Turbo"],"picked":"Scrape","floor":4.0},{"not_picked":["Streamline","Steam Power"],"picked":"Coolheaded","floor":5.0},{"not_picked":["Steam","Consume"],"picked":"Self Repair","floor":6.0},{"not_picked":["Heatsinks","Auto Shields","Streamline"],"picked":"SKIP","floor":7.0},{"not_picked":["Aggregate","Genetic Algorithm","Chill"],"picked":"SKIP","floor":12},{"not_picked":["Sweeping Beam","Steam"],"picked":"Skim","floor":13},{"not_picked":["Undo","Ball Lightning"],"picked":"Gash","floor":14}],"player_experience":210737,"relics_obtained":[{"floor":9.0,"key":"Lantern"},{"floor":13,"key":"Matryoshka"}],"event_choices":[{"damage_healed":0.0,"max_hp_gain":0.0,"max_hp_loss":0.0,"gold_gain":0.0,"event_name":"The Woman in Blue","player_choice":"Bought 1 Potion","floor":10.0,"gold_loss":0.0,"damage_taken":0.0},{"damage_healed":0.0,"max_hp_gain":0.0,"max_hp_loss":0.0,"gold_gain":0.0,"event_name":"World of Goop","player_choice":"Left Gold","floor":11.0,"gold_loss":74.0,"damage_taken":0.0}],"is_beta":false,"boss_relics":[],"items_purged_floors":[],"is_endless":false,"potions_floor_spawned":[2,5,7,14],"killed_by":"The Guardian","ascension_level":20,"potion_discard_per_floor":[[],[],[],[],[],[],[],[],[],[],[],[],[],[],[],[]]}