{"neow_bonuses_skipped_log":["REMOVE_CARD","TRANSFORM_TWO_CARDS","BOSS_RELIC"],"potions_obtained_entropic_brew":[[],[],[],[],[],[],[],[],[],[],[],[],[],[],[],[]],"neow_costs_skipped_log":["NONE","TEN_PERCENT_HP_LOSS","NONE"],"gold_per_floor":[118,62,77,97,114,148,148,148,174,194,194,219,219,254,254,254],"floor_reached":16,"playtime":1127,"items_purged":[],"score":240,"play_id":"4661981d-3c0d-49dc-8e1a-d4bf309dc1ce","local_time":"20240216191039","score_breakdown":["Floors Climbed (16): 80","Enemies Slain (5): 10","Exordium Elites Killed (3): 30","Bosses Slain (0): 0","Ascension (20): 120"],"is_ascension_mode":true,"potions_obtained_alchemize":[[],[],[],[],[],[],[],[],[],[],[],[],[],[],[],[]],"campfire_choices":[{"data":"Defragment","floor":8,"key":"SMITH"},{"data":"Zap","floor":11,"key":"SMITH"},{"data":"Hologram","floor":13,"key":"SMITH"},{"data":"Dualcast","floor":15,"key":"SMITH"}],"lesson_learned_per_floor":[[],[],[],[],[],[],[],[],[],[],[],[],[],[],[],[]],"neow_cost":"NONE","improvable_cards":{},"seed_source_timestamp":147909566190500,"shop_contents":[{"floor":2,"relics":["Regal Pillow","Happy Flower","Sling"],"cards":["Barrage","FTL","Chaos","Fusion","Capacitor","Enlightenment","Panache"],"potions":["PotionOfCapacity","EssenceOfSteel"]}],"circlet_count":0,"master_deck":["AscendersBane","Strike_B","Strike_B","Strike_B","Strike_B","Defend_B","Defend_B","Defend_B","Zap+1","Dualcast+1","Sweeping Beam","Glacier","Melter","Defragment+1","Coolheaded","All For One","Hologram+1","Compile Driver"],"potion_use_per_floor":[[],[],[],[],[],["PowerPotion"],[],[],[],[],[],["Regen Potion"],[],["Explosive Potion"],[],["SkillPotion","Energy Potion"]],"relics":["Cracked Core","Boot","CaptainsWheel","MealTicket","Ancient Tea Set","Matryoshka"],"potions_floor_usage":[6,12,14,16,16],"damage_taken":[{"damage":1,"enemies":"Small Slimes","floor":1,"turns":4},{"damage":2,"enemies":"2 Louse","floor":3,"turns":2},{"damage":0,"enemies":"Cultist","floor":4,"turns":3},{"damage":12,"enemies":"Gremlin Gang","floor":5,"turns":6},{"damage":8,"enemies":"Gremlin Nob","floor":6,"turns":3},{"damage":1,"enemies":"Looter","floor":10,"turns":4},{"damage":5,"enemies":"Lagavulin","floor":12,"turns":5},{"damage":5,"enemies":"3 Sentries","floor":14,"turns":6},{"damage":47,"enemies":"Hexaghost","floor":16,"turns":9}],"green_key_taken_log":14,"seed_played":"2677019351627592083","neow_bonus_log":{"cardsObtained":[],"cardsUpgraded":[],"cardsRemoved":[],"cardsTransformed":[],"relicsObtained":["Boot"],"maxHpGained":0,"goldGained":0,"damageTaken":0,"goldLost":0,"maxHpLost":0},"potions_obtained":[{"floor":3,"key":"PowerPotion"},{"floor":10,"key":"Regen Potion"},{"floor":12,"key":"SkillPotion"},{"floor":14,"key":"Energy Potion"}],"is_trial":false,"path_per_floor":["M","$","M","M","M","E","?","R","T","M","R","E","R","E","R","B"],"character_chosen":"DEFECT","basemod:card_modifiers":[null,null,null,null,null,null,null,null,null,null,null,null,null,null,null,null,null,null],"items_purchased":["Explosive Potion"],"campfire_rested":0,"item_purchase_floors":[2],"current_hp_per_floor":[63,63,61,61,49,41,41,41,41,40,40,49,49,44,44,0],"gold":254,"neow_bonus":"RANDOM_COMMON_RELIC","is_prod":false,"is_daily":false,"rewards_skipped":[],"chose_seed":false,"campfire_upgraded":4,"win_rate":0,"floor_exit_playtime":[212,263,284,365,464,520,531,567,570,616,625,724,735,907,924],"timestamp":1708128639,"path_taken":["M","$","M","M","M","E","?","R","T","M","R","E","R","E","R","BOSS"],"build_version":"2022-12-01","purchased_purges":0,"victory":false,"max_hp_per_floor":[71,71,71,71,71,71,71,71,71,71,71,71,71,71,71,71],"relic_stats":{"Matryoshka":0,"counters":[9,42],"MealTicket":0,"Boot":[15],"Ancient Tea Set":[4],"obtain_stats":[{"CaptainsWheel":6,"Matryoshka":14,"MealTicket":9,"Cracked Core":0,"Boot":0,"Ancient Tea Set":12},{"CaptainsWheel":5,"Matryoshka":8,"MealTicket":5,"Cracked Core":0,"Boot":0,"Ancient Tea Set":7},{"CaptainsWheel":18,"Matryoshka":33,"MealTicket":18,"Cracked Core":0,"Boot":0,"Ancient Tea Set":27}]},"card_choices":[{"not_picked":["Cold Snap","Redo"],"picked":"Sweeping Beam","floor":1},{"not_picked":["Double Energy","Sunder"],"picked":"Glacier","floor":3},{"not_picked":["Chill","Beam Cell"],"picked":"Melter","floor":4},{"not_picked":["Gash","Auto Shields"],"picked":"Defragment","floor":5},{"not_picked":["Fusion","Steam"],"picked":"Coolheaded","floor":6},{"not_picked":["Sweeping Beam","Double Energy","Leap"],"picked":"SKIP","floor":10},{"not_picked":["Buffer","Stack"],"picked":"Hologram","floor":12},{"not_picked":["White Noise","Amplify"],"picked":"Compile Driver","floor":14}],"player_experience":167857,"relics_obtained":[{"floor":6,"key":"CaptainsWheel"},{"floor":9,"key":"MealTicket"},{"floor":12,"key":"Ancient Tea Set"},{"floor":14,"key":"Matryoshka"}],"event_choices":[{"damage_healed":0,"gold_gain":0,"cards_transformed":["Defend_B"],"player_choice":"Transformed","damage_taken":0,"max_hp_gain":0,"max_hp_loss":0,"event_name":"Transmorgrifier","floor":7,"gold_loss":0,"cards_obtained":["All For One"]}],"is_beta":false,"boss_relics":[],"items_purged_floors":[],"is_endless":false,"potions_floor_spawned":[3,10,12,14],"killed_by":"Hexaghost","ascension_level":20,"potion_discard_per_floor":[[],[],[],[],[],[],[],[],[],[],[],[],[],[],[],[]]}