{"neow_bonuses_skipped_log":["ONE_RANDOM_RARE_CARD","THREE_ENEMY_KILL","BOSS_RELIC"],"potions_obtained_entropic_brew":[[],[],[],[],[],[],[],[],[],[],[],[],[],[],[],[]],"neow_costs_skipped_log":["NONE","NONE","NONE"],"gold_per_floor":[136,25,84,119,44,44,74,74,148,176,219,219,264,303,303,303],"floor_reached":16,"playtime":1048,"items_purged":[],"score":223,"play_id":"2da25532-caee-46d4-82f3-98604263e14c","local_time":"20240216192827","score_breakdown":["Floors Climbed (16): 80","Enemies Slain (6): 12","Exordium Elites Killed (2): 20","Bosses Slain (0): 0","Poopy: -1","Ascension (20): 112"],"is_ascension_mode":true,"potions_obtained_alchemize":[[],[],[],[],[],[],[],[],[],[],[],[],[],[],[],[]],"campfire_choices":[{"data":"HandOfGreed","floor":6,"key":"SMITH"},{"data":"Hyperbeam","floor":12,"key":"SMITH"},{"floor":15,"key":"REST"}],"lesson_learned_per_floor":[[],[],[],[],[],[],[],[],[],[],[],[],[],[],[],[]],"neow_cost":"CURSE","improvable_cards":{},"seed_source_timestamp":149058710431959,"shop_contents":[{"floor":2,"relics":["Pear","Kunai","Orrery"],"cards":["Compile Driver","Tempest","Turbo","Good Instincts","Metamorphosis"],"potions":["SkillPotion","ColorlessPotion","Fire Potion"]}],"circlet_count":0,"master_deck":["AscendersBane","Strike_B","Strike_B","Strike_B","Defend_B","Defend_B","Defend_B","Defend_B","Zap","Dualcast","HandOfGreed+1","Beam Cell","Self Repair","Rebound","Turbo","Defragment","Hyperbeam+1","Steam","Hologram"],"potion_use_per_floor":[[],[],[],[],[],[],[],[],[],["SkillPotion"],[],[],[],[],[],["Dexterity Potion"]],"relics":["Cracked Core","Lantern","Spirit Poop","Shuriken","Boot"],"potions_floor_usage":[10,16],"damage_taken":[{"damage":4,"enemies":"Small Slimes","floor":1,"turns":3},{"damage":4,"enemies":"2 Louse","floor":3,"turns":4},{"damage":0,"enemies":"Jaw Worm","floor":4,"turns":3},{"damage":34,"enemies":"Gremlin Nob","floor":7,"turns":4},{"damage":30,"enemies":"Lagavulin","floor":10,"turns":6},{"damage":0,"enemies":"Looter","floor":11,"turns":1},{"damage":1,"enemies":"Exordium Thugs","floor":13,"turns":3},{"damage":0,"enemies":"Blue Slaver","floor":14,"turns":1},{"damage":40,"enemies":"Slime Boss","floor":16,"turns":5}],"seed_played":"-5607433323820691580","neow_bonus_log":{"cardsObtained":["Parasite"],"cardsUpgraded":[],"cardsRemoved":[],"cardsTransformed":[],"relicsObtained":[],"maxHpGained":0,"goldGained":0,"damageTaken":0,"goldLost":0,"maxHpLost":0},"potions_obtained":[{"floor":7,"key":"SkillPotion"},{"floor":11,"key":"LiquidMemories"},{"floor":13,"key":"Dexterity Potion"}],"is_trial":false,"path_per_floor":["M","$","M","M","?","R","E","?","T","E","M","R","M","M","R","B"],"character_chosen":"DEFECT","basemod:card_modifiers":[null,null,null,null,null,null,null,null,null,null,null,null,null,null,null,null,null,null,null],"items_purchased":["Self Repair","Rebound"],"campfire_rested":1,"item_purchase_floors":[2,2],"current_hp_per_floor":[60,60,63,70,70,70,43,43,43,20,20,20,19,19,39,0],"gold":303,"neow_bonus":"RANDOM_COLORLESS_2","is_prod":false,"is_daily":false,"rewards_skipped":[],"chose_seed":false,"campfire_upgraded":2,"win_rate":0,"floor_exit_playtime":[171,240,318,379,417,424,476,565,573,676,751,757,892,924,949],"timestamp":1708129707,"path_taken":["M","$","M","M","?","R","E","?","T","E","M","R","M","M","R","BOSS"],"build_version":"2022-12-01","purchased_purges":0,"victory":false,"max_hp_per_floor":[71,71,71,71,71,71,71,68,68,68,68,68,68,68,68,68],"relic_stats":{"counters":[9,30],"Shuriken":[3],"Boot":[6],"obtain_stats":[{"Lantern":7,"Shuriken":9,"Spirit Poop":8,"Cracked Core":0,"Boot":10},{"Lantern":4,"Shuriken":4,"Spirit Poop":4,"Cracked Core":0,"Boot":5},{"Lantern":14,"Shuriken":14,"Spirit Poop":14,"Cracked Core":0,"Boot":20}]},"card_choices":[{"not_picked":["Sadistic Nature","Chrysalis"],"picked":"HandOfGreed","floor":0},{"not_picked":["Stack","Leap"],"picked":"Beam Cell","floor":1},{"not_picked":["Consume","Steam"],"picked":"Turbo","floor":3},{"not_picked":["Coolheaded","BootSequence"],"picked":"Defragment","floor":4},{"not_picked":["Auto Shields","Hello World"],"picked":"Hyperbeam","floor":7},{"not_picked":["Beam Cell","Barrage","Go for the Eyes"],"picked":"SKIP","floor":10},{"not_picked":["Sweeping Beam","Double Energy"],"picked":"Steam","floor":11},{"not_picked":["Fusion","Doom and Gloom","Streamline"],"picked":"SKIP","floor":13},{"not_picked":["Redo","Aggregate"],"picked":"Hologram","floor":14}],"player_experience":168984,"relics_obtained":[{"floor":7,"key":"Lantern"},{"floor":9,"key":"Shuriken"},{"floor":10,"key":"Boot"}],"event_choices":[{"cards_removed":["Strike_B"],"damage_healed":0,"gold_gain":0,"player_choice":"Card Removal","damage_taken":0,"max_hp_gain":0,"max_hp_loss":0,"event_name":"The Cleric","floor":5,"gold_loss":75},{"cards_removed":["Parasite"],"damage_healed":0,"gold_gain":0,"player_choice":"Offered Curse","damage_taken":0,"relics_obtained":["Spirit Poop"],"max_hp_gain":0,"max_hp_loss":0,"event_name":"Bonfire Elementals","floor":8,"gold_loss":0}],"is_beta":false,"boss_relics":[],"items_purged_floors":[],"is_endless":false,"potions_floor_spawned":[7,11,13],"killed_by":"Slime Boss","ascension_level":20,"potion_discard_per_floor":[[],[],[],[],[],[],[],[],[],[],[],[],[],[],[],[]]}