{"neow_bonuses_skipped_log":["UPGRADE_CARD","TWENTY_PERCENT_HP_BONUS","BOSS_RELIC"],"neow_costs_skipped_log":["NONE","CURSE","NONE"],"potions_obtained_entropic_brew":[[],[],[],[],[],[],[],[],[],[],[]],"gold_per_floor":[212,287,306,306,323,323,357,54,54,84,84],"floor_reached":11,"playtime":617,"items_purged":[],"score":162,"play_id":"dc23134f-383d-4445-a13f-fd283b5af315","local_time":"20240216122431","score_breakdown":["Floors Climbed (11): 55","Enemies Slain (3): 6","Exordium Elites Killed (2): 20","Bosses Slain (0): 0","Ascension (20): 81"],"is_ascension_mode":true,"potions_obtained_alchemize":[[],[],[],[],[],[],[],[],[],[],[]],"campfire_choices":[{"data":"Rebound","floor":6.0,"key":"SMITH"}],"lesson_learned_per_floor":[[],[],[],[],[],[],[],[],[],[],[]],"neow_cost":"NONE","improvable_cards":{},"seed_source_timestamp":136121202299125,"shop_contents":[{"floor":8,"relics":["Omamori","Eternal Feather"],"cards":["Rebound","Blizzard","Reinforced Body","Storm","Mind Blast","Metamorphosis"],"potions":["EssenceOfSteel","Weak Potion"]}],"circlet_count":0,"master_deck":["AscendersBane","Strike_B","Strike_B","Strike_B","Strike_B","Defend_B","Defend_B","Defend_B","Defend_B","Zap","Dualcast","Glacier","Rebound+1","Compile Driver","Consume","Tempest"],"special_seed":0,"potion_use_per_floor":[[],[],[],[],[],[],[],[],[],["PowerPotion"],["FearPotion"]],"relics":["Cracked Core","Ancient Tea Set","Runic Capacitor","Strawberry","White Beast Statue"],"potions_floor_usage":[11],"damage_taken":[{"damage":0.0,"enemies":"Cultist","floor":1.0,"turns":3.0},{"damage":2.0,"enemies":"Jaw Worm","floor":3.0,"turns":6.0},{"damage":8.0,"enemies":"Small Slimes","floor":5.0,"turns":3.0},{"damage":27.0,"enemies":"3 Sentries","floor":7.0,"turns":7.0},{"damage":16.0,"enemies":"Lagavulin","floor":10.0,"turns":8.0},{"damage":35,"enemies":"Gremlin Gang","floor":11,"turns":3}],"seed_played":"-7669493057610151781","neow_bonus_log":{"cardsObtained":[],"cardsUpgraded":[],"cardsRemoved":[],"cardsTransformed":[],"relicsObtained":[],"maxHpGained":0,"goldGained":100,"damageTaken":0,"goldLost":0,"maxHpLost":0},"potions_obtained":[{"floor":3.0,"key":"FearPotion"}],"is_trial":false,"path_per_floor":["M","?","M","?","M","R","E","$","T","E","M"],"character_chosen":"DEFECT","basemod:card_modifiers":[null,null,null,null,null,null,null,null,null,null,null,null,null,null,null,null],"items_purchased":["PowerPotion","Consume","Runic Capacitor"],"campfire_rested":0,"item_purchase_floors":[8,8,8],"current_hp_per_floor":[64,53,51,51,43,43,16,16,23,7,0],"gold":84,"neow_bonus":"HUNDRED_GOLD","is_prod":false,"is_daily":false,"rewards_skipped":[],"chose_seed":false,"campfire_upgraded":1,"win_rate":0,"floor_exit_playtime":[91,99,159,173,209,258,389,404,410,563],"timestamp":1708104271,"path_taken":["M","?","M","?","M","R","E","$","T","E","M"],"build_version":"2022-12-01","purchased_purges":0,"victory":false,"max_hp_per_floor":[71,71,71,71,71,71,71,71,78,78,78],"relic_stats":{"counters":[6,30],"Ancient Tea Set":[0],"obtain_stats":[{"Strawberry":9,"Runic Capacitor":8,"Cracked Core":0,"Ancient Tea Set":7,"White Beast Statue":10},{"Strawberry":4,"Runic Capacitor":4,"Cracked Core":0,"Ancient Tea Set":4,"White Beast Statue":5},{"Strawberry":19,"Runic Capacitor":19,"Cracked Core":0,"Ancient Tea Set":19,"White Beast Statue":27}],"White Beast Statue":[0.0,0.0,0.0,0.0,0.0,0.0,0.0,1.0,0.0,0.0,0.0,0.0]},"card_choices":[{"not_picked":["Hologram","Sunder"],"picked":"Glacier","floor":1.0},{"not_picked":["Beam Cell","Turbo"],"picked":"Rebound","floor":3.0},{"not_picked":["Sunder","Fusion"],"picked":"Compile Driver","floor":5.0},{"not_picked":["Go for the Eyes","Leap","Fusion"],"picked":"SKIP","floor":7.0},{"not_picked":["Buffer","Conserve Battery"],"picked":"Tempest","floor":10.0}],"player_experience":167240,"relics_obtained":[{"floor":7.0,"key":"Ancient Tea Set"},{"floor":9.0,"key":"Strawberry"},{"floor":10.0,"key":"White Beast Statue"}],"event_choices":[{"damage_healed":0.0,"max_hp_gain":0.0,"max_hp_loss":0.0,"gold_gain":75.0,"event_name":"World of Goop","player_choice":"Gather Gold","floor":2.0,"gold_loss":0.0,"damage_taken":11.0},{"damage_healed":0.0,"max_hp_gain":0.0,"max_hp_loss":0.0,"gold_gain":0.0,"event_name":"Liars Game","player_choice":"Ignored","floor":4.0,"gold_loss":0.0,"damage_taken":0.0}],"is_beta":false,"boss_relics":[],"items_purged_floors":[],"is_endless":false,"potions_floor_spawned":[3],"killed_by":"Gremlin Gang","ascension_level":20,"potion_discard_per_floor":[[],[],[],[],[],[],[],[],[],[],[]]}