{"neow_bonuses_skipped_log":["TRANSFORM_CARD","TWENTY_PERCENT_HP_BONUS","BOSS_RELIC"],"neow_costs_skipped_log":["NONE","NO_GOLD","NONE"],"potions_obtained_entropic_brew":[[],[],[],[],[],[],[],[],[],[],[],[],[],[],[],[],[],[],[],[],[],[]],"gold_per_floor":[215,233,249,249,90,118,118,143,168,188,199,225,225,238,238,327,327,348,363,379,379,379],"floor_reached":22,"playtime":1527,"items_purged":[],"score":416,"play_id":"b566e400-4fe9-4a9f-af9b-0d90b700ea85","local_time":"20240216120645","score_breakdown":["Floors Climbed (22): 110","Enemies Slain (9): 18","Exordium Elites Killed (3): 30","City Elites Killed (0): 0","Bosses Slain (1): 50","Ascension (20): 208"],"is_ascension_mode":true,"potions_obtained_alchemize":[[],[],[],[],[],[],[],[],[],[],[],[],[],[],[],[],[],[],[],[],[],[]],"campfire_choices":[{"data":"Doom and Gloom","floor":7,"key":"SMITH"},{"floor":15,"key":"REST"}],"lesson_learned_per_floor":[[],[],[],[],[],[],[],[],[],[],[],[],[],[],[],[],[],[],[],[],[],[]],"neow_cost":"NONE","improvable_cards":{},"seed_source_timestamp":134347787907292,"shop_contents":[{"floor":5,"relics":["Girya","StrikeDummy","Chemical X"],"cards":["Streamline","Chill","Heatsinks","Mind Blast","Sadistic Nature"],"potions":["Swift Potion","SmokeBomb"]}],"circlet_count":0,"master_deck":["AscendersBane","Strike_B","Strike_B","Strike_B","Defend_B","Defend_B","Defend_B","Defend_B","Zap","Dualcast","Sunder","FTL","Doom and Gloom+1","Thunder Strike","Sweeping Beam","Leap","Undo","Hologram","Coolheaded","Turbo","Buffer","Compile Driver","Glacier+1","Static Discharge"],"potion_use_per_floor":[[],[],[],[],[],["Fire Potion"],[],["Energy Potion"],[],[],[],["FairyPotion"],[],[],[],["CultistPotion"],[],[],["Fire Potion"],[],[],["Swift Potion"]],"relics":["Cracked Core","The Courier","Regal Pillow","Bronze Scales","Ornamental Fan","Golden Idol","SlaversCollar"],"potions_floor_usage":[6,8,16,19,22],"damage_taken":[{"damage":0,"enemies":"2 Louse","floor":1,"turns":3},{"damage":8,"enemies":"Small Slimes","floor":2,"turns":3},{"damage":6,"enemies":"Cultist","floor":3,"turns":3},{"damage":14,"enemies":"Gremlin Nob","floor":6,"turns":3},{"damage":10,"enemies":"3 Sentries","floor":8,"turns":4},{"damage":5,"enemies":"Red Slaver","floor":10,"turns":3},{"damage":0,"enemies":"Exordium Wildlife","floor":11,"turns":3},{"damage":27,"enemies":"Lagavulin","floor":12,"turns":6},{"damage":0,"enemies":"2 Fungi Beasts","floor":14,"turns":2},{"damage":21,"enemies":"Slime Boss","floor":16,"turns":7},{"damage":24,"enemies":"Shell Parasite","floor":18,"turns":9},{"damage":2,"enemies":"Spheric Guardian","floor":19,"turns":3},{"damage":15,"enemies":"Shelled Parasite and Fungi","floor":20,"turns":6},{"damage":19,"enemies":"Chosen and Byrds","floor":22,"turns":5}],"seed_played":"7788739367822800204","neow_bonus_log":{"cardsObtained":[],"cardsUpgraded":[],"cardsRemoved":[],"cardsTransformed":[],"relicsObtained":[],"maxHpGained":0,"goldGained":100,"damageTaken":0,"goldLost":0,"maxHpLost":0},"potions_obtained":[{"floor":1,"key":"Energy Potion"},{"floor":10,"key":"Fire Potion"},{"floor":11,"key":"FairyPotion"},{"floor":14,"key":"CultistPotion"},{"floor":20,"key":"Swift Potion"}],"is_trial":false,"path_per_floor":["M","M","M","?","$","E","R","E","T","M","M","E","?","M","R","B",null,"M","M","M","?","M"],"character_chosen":"DEFECT","basemod:card_modifiers":[null,null,null,null,null,null,null,null,null,null,null,null,null,null,null,null,null,null,null,null,null,null,null,null],"items_purchased":["Fire Potion","Sweeping Beam","Leap"],"campfire_rested":1,"item_purchase_floors":[5,5,5],"current_hp_per_floor":[64,56,50,50,50,36,36,26,26,21,21,21,21,21,55,34,57,33,31,16,16,0],"gold":379,"neow_bonus":"HUNDRED_GOLD","is_prod":false,"is_daily":false,"rewards_skipped":[],"chose_seed":false,"campfire_upgraded":1,"win_rate":0,"floor_exit_playtime":[98,143,188,194,273,350,372,452,458,513,567,691,700,738,742,933,1016,1222,1277,1399,1404],"timestamp":1708103205,"path_taken":["M","M","M","?","$","E","R","E","T","M","M","E","?","M","R","BOSS","M","M","?","?","?"],"build_version":"2022-12-01","purchased_purges":0,"victory":false,"max_hp_per_floor":[71,71,71,71,71,71,71,71,71,71,71,71,64,64,64,64,64,64,64,64,64,64],"relic_stats":{"Regal Pillow":15,"counters":[14,60],"Ornamental Fan":[24],"Golden Idol":31,"Bronze Scales":[94],"The Courier":0,"obtain_stats":[{"SlaversCollar":17,"Regal Pillow":8,"Ornamental Fan":12,"Golden Idol":13,"Bronze Scales":9,"The Courier":6,"Cracked Core":0},{"SlaversCollar":10,"Regal Pillow":5,"Ornamental Fan":8,"Golden Idol":8,"Bronze Scales":5,"The Courier":4,"Cracked Core":0},{"SlaversCollar":37,"Regal Pillow":16,"Ornamental Fan":28,"Golden Idol":28,"Bronze Scales":16,"The Courier":12,"Cracked Core":0}]},"card_choices":[{"not_picked":["Hologram","Fusion"],"picked":"Sunder","floor":1},{"not_picked":["Barrage","Loop"],"picked":"FTL","floor":2},{"not_picked":["Stack","Beam Cell"],"picked":"Doom and Gloom","floor":3},{"not_picked":["Stack","Conserve Battery","Sweeping Beam"],"picked":"SKIP","floor":6},{"not_picked":["Recycle","Sunder"],"picked":"Undo","floor":8},{"not_picked":["Gash","Storm"],"picked":"Hologram","floor":10},{"not_picked":["Rebound","Go for the Eyes"],"picked":"Coolheaded","floor":11},{"not_picked":["Glacier","Buffer"],"picked":"Turbo","floor":12},{"not_picked":["Fusion","Leap","Barrage"],"picked":"SKIP","floor":14},{"not_picked":["Amplify","Multi-Cast"],"picked":"Buffer","floor":16},{"not_picked":["Coolheaded","White Noise"],"picked":"Compile Driver","floor":18},{"not_picked":["Steam","Coolheaded"],"picked":"Glacier+1","floor":19},{"not_picked":["Blizzard+1","Stack"],"picked":"Static Discharge","floor":20}],"player_experience":165713,"relics_obtained":[{"floor":6,"key":"The Courier"},{"floor":8,"key":"Regal Pillow"},{"floor":9,"key":"Bronze Scales"},{"floor":12,"key":"Ornamental Fan"}],"event_choices":[{"damage_healed":0,"gold_gain":0,"cards_transformed":["Strike_B"],"player_choice":"Transformed","damage_taken":0,"max_hp_gain":0,"max_hp_loss":0,"event_name":"Transmorgrifier","floor":4,"gold_loss":0,"cards_obtained":["Thunder Strike"]},{"damage_healed":0,"gold_gain":0,"player_choice":"Lose Max HP","damage_taken":0,"relics_obtained":["Golden Idol"],"max_hp_gain":0,"max_hp_loss":7,"event_name":"Golden Idol","floor":13,"gold_loss":0},{"damage_healed":0,"gold_gain":0,"player_choice":"Ignored","damage_taken":0,"max_hp_gain":0,"max_hp_loss":0,"event_name":"The Mausoleum","floor":21,"gold_loss":0}],"is_beta":false,"boss_relics":[{"not_picked":["FrozenCore","Ectoplasm"],"picked":"SlaversCollar"}],"items_purged_floors":[],"is_endless":false,"potions_floor_spawned":[1,10,11,14,20],"killed_by":"Chosen and Byrds","ascension_level":20,"potion_discard_per_floor":[[],[],[],[],[],[],[],[],[],[],[],[],[],[],[],[],[],[],[],[],[],[]]}