{"neow_bonuses_skipped_log":["REMOVE_CARD","TEN_PERCENT_HP_BONUS","BOSS_RELIC"],"potions_obtained_entropic_brew":[[],[],[],[],[],[],[],[],[],[],[],[],[],[],[],[],[],[],[],[],[],[],[],[],[],[],[],[],[],[],[],[],[],[],[],[],[],[],[],[],[],[],[],[],[],[],[],[],[],[],[],[],[],[],[],[],[]],"neow_costs_skipped_log":["NONE","NONE","NONE"],"gold_per_floor":[116,116,129,140,151,151,176,176,176,194,250,281,15,35,35,113,113,132,163,202,202,262,262,312,312,312,369,426,426,478,494,494,568,568,608,389,469,109,109,143,192,246,293,633,660,717,717,773,773,823,823,823,823,11,52,52],"floor_reached":57,"playtime":16645,"items_purged":["Pain","Strike_B","Strike_B","Defend_B"],"score":2792,"play_id":"0ad8121c-2bbc-4195-943d-b2fbefa580a5","local_time":"20240228010054","score_breakdown":["Floors Climbed (57): 285","Enemies Slain (18): 36","Exordium Elites Killed (2): 20","City Elites Killed (2): 40","Beyond Elites Killed (3): 90","Bosses Slain (5): 750","Money Money (1686): 25","Librarian: 25","C-c-c-combo: 25","Ascension (20): 1246","Heartbreaker: 250"],"is_ascension_mode":true,"potions_obtained_alchemize":[[],[],[],[],[],[],[],[],[],[],[],[],[],[],[],[],[],[],[],[],[],[],[],[],[],[],[],[],[],[],[],[],[],[],[],[],[],[],[],[],[],[],[],[],[],[],[],[],[],[],[],[],[],[],[],[],[]],"campfire_choices":[{"data":"Defragment","floor":6.0,"key":"SMITH"},{"floor":8.0,"key":"REST"},{"data":"Echo Form","floor":15.0,"key":"SMITH"},{"floor":23.0,"key":"REST"},{"floor":25.0,"key":"REST"},{"floor":29.0,"key":"RECALL"},{"floor":32.0,"key":"REST"},{"floor":47,"key":"REST"},{"floor":49,"key":"REST"},{"floor":53,"key":"REST"}],"lesson_learned_per_floor":[[],[],[],[],[],[],[],[],[],[],[],[],[],[],[],[],[],[],[],[],[],[],[],[],[],[],[],[],[],[],[],[],[],[],[],[],[],[],[],[],[],[],[],[],[],[],[],[],[],[],[],[],[],[],[],[],[]],"neow_cost":"PERCENT_DAMAGE","improvable_cards":{"Genetic Algorithm":[78]},"seed_source_timestamp":0,"shop_contents":[{"floor":13,"relics":["Ice Cream","Dead Branch","Cauldron"],"cards":["Compile Driver","Gash","Stack","Darkness","Machine Learning","Bandage Up"],"potions":["Fire Potion","Strength Potion","SpeedPotion"]},{"floor":36,"relics":["Akabeko","Omamori"],"cards":["Beam Cell","Barrage","Redo","Leap","Self Repair","Discovery","Violence"],"potions":["SpeedPotion","FearPotion","PowerPotion"]},{"floor":38,"relics":["War Paint","Vajra"],"cards":["Scrape","Lockon","Auto Shields","Capacitor","Magnetism"],"potions":["LiquidMemories","LiquidBronze","Ancient Potion"]},{"floor":54,"relics":["Symbiotic Virus","Medical Kit"],"cards":["Sweeping Beam","Conserve Battery","Chaos"],"potions":["Block Potion"]}],"circlet_count":0,"master_deck":["AscendersBane","Strike_B","Strike_B","Defend_B","Defend_B","Defend_B","Zap","Dualcast","Conserve Battery","Defragment+1","Amplify","Ball Lightning","Self Repair","Go for the Eyes","Gash","Hyperbeam","Gash","Echo Form+1","HandOfGreed","Gash","Seek","Genetic Algorithm","Scrape","Hologram","Glacier","Heatsinks","Fission","Capacitor","Compile Driver","Recycle","Panacea","Rebound+1","Compile Driver+1","Aggregate","Hologram","Hologram+1","Heatsinks+1","Barrage","Purity","Master of Strategy","Compile Driver","Defragment","Coolheaded+1"],"special_seed":0,"potion_use_per_floor":[[],[],[],[],[],[],["Ancient Potion","GamblersBrew"],[],[],[],[],[],[],[],[],["SpeedPotion"],[],[],[],["SpeedPotion"],[],["Ancient Potion"],[],[],[],[],["Dexterity Potion"],[],[],[],[],[],["CultistPotion"],[],[],[],[],[],[],[],["Fruit Juice"],[],[],["BlessingOfTheForge"],[],[],[],["Strength Potion"],[],[],[],[],[],[],[],["ColorlessPotion","BlessingOfTheForge"],[]],"relics":["Cracked Core","Pocketwatch","Regal Pillow","Mercury Hourglass","Art of War","Ancient Tea Set","Fusion Hammer","Mummified Hand","Cables","Smiling Mask","Runic Pyramid","Toolbox","Runic Capacitor","CeramicFish","Prayer Wheel","Old Coin","Pear","Pantograph","DataDisk"],"potions_floor_usage":[48,56,56],"damage_taken":[{"damage":2.0,"enemies":"Jaw Worm","floor":1.0,"turns":4.0},{"damage":3.0,"enemies":"Small Slimes","floor":3.0,"turns":3.0},{"damage":1.0,"enemies":"Cultist","floor":4.0,"turns":3.0},{"damage":4.0,"enemies":"Looter","floor":5.0,"turns":4.0},{"damage":33.0,"enemies":"Gremlin Nob","floor":7.0,"turns":4.0},{"damage":16.0,"enemies":"Red Slaver","floor":10.0,"turns":3.0},{"damage":12.0,"enemies":"3 Sentries","floor":11.0,"turns":3.0},{"damage":28.0,"enemies":"Lagavulin","floor":12.0,"turns":4.0},{"damage":12.0,"enemies":"Large Slime","floor":14.0,"turns":6.0},{"damage":15.0,"enemies":"Hexaghost","floor":16.0,"turns":7.0},{"damage":16.0,"enemies":"3 Byrds","floor":18.0,"turns":4.0},{"damage":21.0,"enemies":"Spheric Guardian","floor":19.0,"turns":4.0},{"damage":26.0,"enemies":"Centurion and Healer","floor":20.0,"turns":7.0},{"damage":4.0,"enemies":"Chosen and Byrds","floor":22.0,"turns":11.0},{"damage":54.0,"enemies":"Book of Stabbing","floor":24.0,"turns":7.0},{"damage":4.0,"enemies":"Shelled Parasite and Fungi","floor":27.0,"turns":7.0},{"damage":11.0,"enemies":"3 Cultists","floor":28.0,"turns":7.0},{"damage":30.0,"enemies":"Slavers","floor":30.0,"turns":5.0},{"damage":13.0,"enemies":"Snake Plant","floor":31.0,"turns":7.0},{"damage":45.0,"enemies":"Collector","floor":33.0,"turns":9.0},{"damage":4.0,"enemies":"3 Darklings","floor":35.0,"turns":7.0},{"damage":1.0,"enemies":"3 Shapes","floor":37.0,"turns":8.0},{"damage":25.0,"enemies":"Giant Head","floor":40.0,"turns":9.0},{"damage":22.0,"enemies":"Writhing Mass","floor":41.0,"turns":10.0},{"damage":4.0,"enemies":"Mind Bloom Boss Battle","floor":42.0,"turns":7.0},{"damage":17.0,"enemies":"Nemesis","floor":44.0,"turns":9.0},{"damage":31,"enemies":"Transient","floor":45,"turns":6},{"damage":30,"enemies":"Maw","floor":46,"turns":8},{"damage":15,"enemies":"Reptomancer","floor":48,"turns":6},{"damage":11,"enemies":"Donu and Deca","floor":50,"turns":8},{"damage":82,"enemies":"Awakened One","floor":51,"turns":15},{"damage":15,"enemies":"Shield and Spear","floor":55,"turns":8},{"damage":76,"enemies":"The Heart","floor":56,"turns":8}],"green_key_taken_log":48,"seed_played":"8633236512182844585","neow_bonus_log":{"cardsObtained":[],"cardsUpgraded":[],"cardsRemoved":[],"cardsTransformed":[],"relicsObtained":["Pocketwatch"],"maxHpGained":0,"goldGained":0,"damageTaken":18,"goldLost":0,"maxHpLost":0},"potions_obtained":[{"floor":1.0,"key":"Ancient Potion"},{"floor":3.0,"key":"SpeedPotion"},{"floor":4.0,"key":"GamblersBrew"},{"floor":14.0,"key":"SpeedPotion"},{"floor":18.0,"key":"CultistPotion"},{"floor":19.0,"key":"SpeedPotion"},{"floor":20.0,"key":"Ancient Potion"},{"floor":24.0,"key":"Dexterity Potion"},{"floor":35.0,"key":"Fruit Juice"},{"floor":37.0,"key":"Strength Potion"},{"floor":41.0,"key":"BlessingOfTheForge"},{"floor":46,"key":"FearPotion"}],"is_trial":false,"path_per_floor":["M","?","M","M","M","R","E","R","T","M","?","E","$","M","R","B",null,"M","M","M","?","M","R","E","R","T","M","M","R","E","M","R","B",null,"M","$","M","$","?","E","M","?","T","E","M","M","R","E","R","B","B",null,"R","$","E","B",null],"character_chosen":"DEFECT","basemod:card_modifiers":[null,null,null,null,null,null,null,null,null,null,null,null,null,null,null,null,null,null,null,null,null,null,null,null,null,null,null,null,null,null,null,null,null,null,null,null,null,null,null,null,null,null,null],"items_purchased":["HandOfGreed","Toolbox","Runic Capacitor","Recycle","Panacea","Purity","Master of Strategy","BlessingOfTheForge","ColorlessPotion","Compile Driver","Pantograph","Defragment"],"campfire_rested":7,"item_purchase_floors":[13,36,38,38,38,54,54,54,54,54,54,54],"current_hp_per_floor":[44,44,41,40,50,50,24,60,60,51,46,25,25,27,27,19,58,49,42,30,30,40,71,24,60,60,70,66,66,43,44,71,33,62,71,71,71,71,71,60,57,67,67,60,36,20,57,66,86,86,18,69,86,86,85,20],"gold":52,"neow_bonus":"ONE_RARE_RELIC","is_prod":false,"is_daily":false,"rewards_skipped":[{"floor":42,"relics":[],"potions":["Block Potion"]}],"chose_seed":false,"campfire_upgraded":2,"win_rate":0,"floor_exit_playtime":[6571,6606,6647,6715,6819,6832,6965,6975,6978,7055,7148,7268,7295,7535,7578,7773,7883,8030,8101,8302,8440,8784,8789,8993,8997,9002,9172,9375,9384,9527,9694,9698,10036,10102,10399,10533,10791,10838,10847,11355,11703,11996,12000,12362,12900,13234,13239,13768,13773,14248,15172,15184,15188,15283,15809,16645],"timestamp":1709100054,"blue_key_relic_skipped_log":{"floor":43,"relicID":"Bag of Preparation"},"path_taken":["M","?","M","M","M","R","E","R","T","M","?","E","$","M","R","BOSS","M","M","M","?","M","R","E","R","T","M","M","R","E","M","R","BOSS","M","?","M","$","?","E","M","?","T","E","M","M","R","E","R","BOSS","BOSS","R","$","E","BOSS"],"build_version":"2022-12-01","purchased_purges":4,"victory":true,"max_hp_per_floor":[71,71,71,71,71,71,71,71,71,71,71,71,71,71,71,71,71,71,71,71,71,71,71,71,71,71,71,71,71,71,71,71,71,71,71,71,71,71,71,71,76,76,76,76,76,76,76,86,86,86,86,86,86,86,86,86],"relic_stats":{"Regal Pillow":61,"counters":[33,215],"CeramicFish":108,"Ancient Tea Set":[16],"Smiling Mask":225,"Mercury Hourglass":[770],"Cables":[115,49,66,0,0],"Mummified Hand":[166],"Pantograph":1,"Prayer Wheel":2,"Art of War":[36],"obtain_stats":[{"Regal Pillow":7,"Pear":48,"CeramicFish":40,"Runic Capacitor":38,"Ancient Tea Set":12,"Smiling Mask":30,"Mercury Hourglass":9,"Cables":26,"Old Coin":44,"DataDisk":55,"Mummified Hand":24,"Pantograph":54,"Toolbox":36,"Prayer Wheel":42,"Fusion Hammer":17,"Art of War":11,"Cracked Core":0,"Pocketwatch":0,"Runic Pyramid":34},{"Regal Pillow":5,"Pear":29,"CeramicFish":23,"Runic Capacitor":22,"Ancient Tea Set":8,"Smiling Mask":18,"Mercury Hourglass":5,"Cables":15,"Old Coin":26,"DataDisk":32,"Mummified Hand":15,"Pantograph":31,"Toolbox":21,"Prayer Wheel":25,"Fusion Hammer":10,"Art of War":7,"Cracked Core":0,"Pocketwatch":0,"Runic Pyramid":20},{"Regal Pillow":18,"Pear":176,"CeramicFish":130,"Runic Capacitor":121,"Ancient Tea Set":28,"Smiling Mask":90,"Mercury Hourglass":18,"Cables":72,"Old Coin":156,"DataDisk":207,"Mummified Hand":72,"Pantograph":199,"Toolbox":113,"Prayer Wheel":147,"Fusion Hammer":40,"Art of War":24,"Cracked Core":0,"Pocketwatch":0,"Runic Pyramid":106}],"Pocketwatch":[188]},"card_choices":[{"not_picked":["Coolheaded","Barrage"],"picked":"Conserve Battery","floor":1.0},{"not_picked":["Barrage","Compile Driver"],"picked":"Ball Lightning","floor":3.0},{"not_picked":["Hologram","Chill"],"picked":"Self Repair","floor":4.0},{"not_picked":["Skim","Compile Driver"],"picked":"Go for the Eyes","floor":5.0},{"not_picked":["Go for the Eyes","Scrape"],"picked":"Gash","floor":7.0},{"not_picked":["Double Energy","Gash"],"picked":"Hyperbeam","floor":10.0},{"not_picked":["Steam Power","Stack"],"picked":"Gash","floor":11.0},{"not_picked":["Tempest","Beam Cell"],"picked":"Echo Form","floor":12.0},{"not_picked":["Auto Shields","Conserve Battery"],"picked":"Gash","floor":14.0},{"not_picked":["Creative AI","Amplify"],"picked":"Seek","floor":16.0},{"not_picked":["Storm","Ball Lightning"],"picked":"Genetic Algorithm","floor":18.0},{"not_picked":["Leap","Skim"],"picked":"Scrape","floor":19.0},{"not_picked":["Compile Driver+1","Cold Snap"],"picked":"Hologram","floor":20.0},{"not_picked":["Beam Cell","Stack","Barrage","White Noise","Genetic Algorithm","Reinforced Body","Rebound","Turbo","Static Discharge","Coolheaded","Steam","Scrape","Blizzard","Leap","Capacitor","Hello World","Doom and Gloom","Cold Snap","Sweeping Beam"],"picked":"Glacier","floor":21.0},{"not_picked":["Sweeping Beam","Conserve Battery","Gash+1"],"picked":"SKIP","floor":22.0},{"not_picked":["Redo+1","Chaos","Multi-Cast"],"picked":"SKIP","floor":24.0},{"not_picked":["Leap","Stack","Barrage"],"picked":"SKIP","floor":27.0},{"not_picked":["Loop","Go for the Eyes","Scrape+1"],"picked":"SKIP","floor":28.0},{"not_picked":["Barrage","Ball Lightning","Darkness"],"picked":"SKIP","floor":30.0},{"not_picked":["Rebound","Stack"],"picked":"Heatsinks","floor":31.0},{"not_picked":["Rainbow","Creative AI"],"picked":"Fission","floor":33.0},{"not_picked":["Reinforced Body","Heatsinks"],"picked":"Capacitor","floor":35.0},{"not_picked":["BootSequence+1","Capacitor+1"],"picked":"Compile Driver","floor":37.0},{"not_picked":["Tempest","Blizzard+1","Coolheaded"],"picked":"SKIP","floor":40.0},{"not_picked":["Coolheaded","FTL+1"],"picked":"Rebound+1","floor":41.0},{"not_picked":["Stack","Amplify"],"picked":"Compile Driver+1","floor":42.0},{"not_picked":["Reprogram","FTL"],"picked":"Aggregate","floor":44},{"not_picked":["Coolheaded","Go for the Eyes"],"picked":"Hologram","floor":45},{"not_picked":["Tempest","Sweeping Beam+1","Gash+1"],"picked":"SKIP","floor":45},{"not_picked":["Streamline","Aggregate+1"],"picked":"Hologram+1","floor":46},{"not_picked":["Redo","Ball Lightning"],"picked":"Heatsinks+1","floor":46},{"not_picked":["Loop","Turbo"],"picked":"Barrage","floor":48},{"not_picked":["Gash","Turbo"],"picked":"Coolheaded+1","floor":55}],"player_experience":192193,"relics_obtained":[{"floor":7.0,"key":"Regal Pillow"},{"floor":9.0,"key":"Mercury Hourglass"},{"floor":11.0,"key":"Art of War"},{"floor":12.0,"key":"Ancient Tea Set"},{"floor":24.0,"key":"Mummified Hand"},{"floor":26.0,"key":"Cables"},{"floor":30.0,"key":"Smiling Mask"},{"floor":40.0,"key":"CeramicFish"},{"floor":42.0,"key":"Prayer Wheel"},{"floor":44,"key":"Old Coin"},{"floor":48,"key":"Pear"},{"floor":55,"key":"DataDisk"}],"event_choices":[{"damage_healed":0.0,"max_hp_gain":0.0,"max_hp_loss":0.0,"gold_gain":0.0,"event_name":"Match and Keep!","player_choice":"3 cards matched","floor":2.0,"gold_loss":0.0,"damage_taken":0.0,"cards_obtained":["Defragment","Pain","Amplify"]},{"damage_healed":0.0,"max_hp_gain":0.0,"max_hp_loss":0.0,"gold_gain":0.0,"event_name":"Match and Keep!","player_choice":"3 cards matched","floor":2.0,"gold_loss":0.0,"damage_taken":0.0,"cards_obtained":["Defragment","Pain","Amplify"]},{"damage_healed":0.0,"max_hp_gain":0.0,"max_hp_loss":0.0,"gold_gain":0.0,"event_name":"Dead Adventurer","player_choice":"Searched \u00272\u0027 times","floor":11.0,"gold_loss":0.0,"damage_taken":0.0},{"damage_healed":0.0,"max_hp_gain":0.0,"max_hp_loss":0.0,"gold_gain":0.0,"event_name":"The Library","player_choice":"Read","floor":21.0,"gold_loss":0.0,"damage_taken":0.0,"cards_obtained":["Glacier"]},{"damage_healed":0.0,"max_hp_gain":0.0,"max_hp_loss":0.0,"gold_gain":0.0,"event_name":"Tomb of Lord Red Mask","player_choice":"Ignored","floor":39.0,"gold_loss":0.0,"damage_taken":0.0},{"damage_healed":0.0,"max_hp_gain":0.0,"max_hp_loss":0.0,"gold_gain":0.0,"event_name":"MindBloom","player_choice":"Fight","floor":42.0,"gold_loss":0.0,"damage_taken":0.0}],"is_beta":false,"boss_relics":[{"not_picked":["Astrolabe","Coffee Dripper"],"picked":"Fusion Hammer"},{"not_picked":["SacredBark","SlaversCollar"],"picked":"Runic Pyramid"}],"items_purged_floors":[13,36,38,54],"is_endless":false,"potions_floor_spawned":[1,3,4,14,18,19,20,24,35,37,41,42,46],"ascension_level":20,"potion_discard_per_floor":[[],[],[],["SpeedPotion"],[],[],[],[],[],[],[],[],[],[],[],[],[],[],[],[],[],[],[],[],[],[],[],[],[],[],[],[],[],[],[],[],[],[],[],[],[],[],[],[],[],[],[],[],[],[],[],[],[],["FearPotion"],[],[],[]]}