{"neow_bonuses_skipped_log":["RANDOM_COLORLESS","RANDOM_COMMON_RELIC","BOSS_RELIC"],"potions_obtained_entropic_brew":[[],[],[],[],[],[],[],[],[],[],[],[],[],[],[],[],[],[],[],[],[],[],[],[],[],[],[],[],[],[],[],[],[],[],[],[],[],[],[],[],[],[],[],[],[],[],[],[],[],[]],"neow_costs_skipped_log":["NONE","NONE","NONE"],"gold_per_floor":[362,375,36,50,60,89,89,101,149,183,82,82,144,159,159,232,232,249,259,259,271,271,271,302,302,302,327,327,247,247,261,261,332,332,349,349,364,384,397,408,437,437,437,454,180,180,180,211,211,211],"floor_reached":50,"playtime":4767,"items_purged":["Strike_B","Decay","Defend_B"],"score":1204,"play_id":"6c34ac18-17c2-4838-90cd-1ee3e4ff1433","local_time":"20240316130035","score_breakdown":["Floors Climbed (50): 250","Enemies Slain (16): 32","Exordium Elites Killed (2): 20","City Elites Killed (2): 40","Beyond Elites Killed (2): 60","Bosses Slain (2): 150","Champion (2): 50","Ascension (20): 602"],"is_ascension_mode":true,"potions_obtained_alchemize":[[],[],[],[],[],[],[],[],[],[],[],[],[],[],[],[],[],[],[],[],[],[],[],[],[],[],[],[],[],[],[],[],[],[],[],[],[],[],[],[],[],[],[],[],[],[],[],[],[],[]],"campfire_choices":[{"floor":7.0,"key":"REST"},{"data":"Zap","floor":12.0,"key":"SMITH"},{"data":"Defragment","floor":15.0,"key":"SMITH"},{"data":"Ghostly","floor":23.0,"key":"SMITH"},{"data":"Sunder","floor":25.0,"key":"SMITH"},{"data":"Ghostly","floor":30,"key":"SMITH"},{"data":"Rainbow","floor":32,"key":"SMITH"},{"data":"Hologram","floor":42,"key":"SMITH"},{"data":"Fusion","floor":46,"key":"SMITH"},{"floor":49,"key":"RECALL"}],"lesson_learned_per_floor":[[],[],[],[],[],[],[],[],[],[],[],[],[],[],[],[],[],[],[],[],[],[],[],[],[],[],[],[],[],[],[],[],[],[],[],[],[],[],[],[],[],[],[],[],[],[],[],[],[],[]],"neow_cost":"TEN_PERCENT_HP_LOSS","improvable_cards":{},"seed_source_timestamp":0,"shop_contents":[{"floor":3,"relics":["Toy Ornithopter","HandDrill"],"cards":["Rebound","Sunder","Hologram","Stack","Capacitor","Finesse","Sadistic Nature"],"potions":["SmokeBomb","FocusPotion","EssenceOfSteel"]},{"floor":11,"relics":["Singing Bowl","DataDisk","Strange Spoon"],"cards":["Streamline","Lockon","Force Field","Creative AI","Good Instincts","Panache"],"potions":["Fire Potion","Explosive Potion","DuplicationPotion"]},{"floor":29,"relics":["Turnip","Meat on the Bone","Chemical X"],"cards":["Sweeping Beam","Streamline","Turbo","Rainbow","Hello World","Madness","Secret Technique"],"potions":["SpeedPotion","GamblersBrew","Dexterity Potion"]},{"floor":45,"relics":["StoneCalendar","Boot","Lee\u0027s Waffle"],"cards":["Beam Cell","Blizzard","Multi-Cast","Steam","Self Repair","Deep Breath","HandOfGreed"],"potions":["Block Potion","GamblersBrew","BlessingOfTheForge"]}],"circlet_count":0,"master_deck":["AscendersBane","Strike_B","Strike_B","Strike_B","Defend_B","Defend_B","Defend_B","Zap+1","Dualcast","Conserve Battery","Compile Driver","Rip and Tear","Streamline","Ball Lightning","Capacitor","Coolheaded","Sunder+1","Defragment+1","Rainbow+1","Undo","Self Repair","Ghostly+1","Ghostly+1","Ghostly","Biased Cognition","Compile Driver","Seek+1","Hologram+1","Fusion+1","Compile Driver","Go for the Eyes+1"],"special_seed":0,"potion_use_per_floor":[[],["SpeedPotion"],[],[],[],[],[],[],[],["FearPotion"],[],[],["Regen Potion"],[],[],[],[],[],[],[],["BlessingOfTheForge"],[],[],[],[],[],["DuplicationPotion"],[],[],[],[],[],["PowerPotion"],[],[],[],[],[],[],[],["AttackPotion"],[],[],["SneckoOil"],[],[],[],[],[],["Weak Potion","PowerPotion"]],"relics":["Cracked Core","Gambling Chip","Pen Nib","Anchor","Bronze Scales","Happy Flower","Coffee Dripper","Tiny Chest","FossilizedHelix","The Courier","Black Star","Art of War","Juzu Bracelet","Torii","Centennial Puzzle","Blood Vial","Potion Belt"],"potions_floor_usage":[33,41,44,50,50],"damage_taken":[{"damage":0.0,"enemies":"Cultist","floor":1.0,"turns":3.0},{"damage":7.0,"enemies":"Small Slimes","floor":2.0,"turns":5.0},{"damage":9.0,"enemies":"Jaw Worm","floor":4.0,"turns":4.0},{"damage":2.0,"enemies":"Exordium Wildlife","floor":5.0,"turns":5.0},{"damage":33.0,"enemies":"3 Sentries","floor":6.0,"turns":8.0},{"damage":2.0,"enemies":"Red Slaver","floor":8.0,"turns":3.0},{"damage":0.0,"enemies":"Gremlin Nob","floor":10.0,"turns":2.0},{"damage":0.0,"enemies":"3 Sentries","floor":13.0,"turns":4.0},{"damage":1.0,"enemies":"Blue Slaver","floor":14.0,"turns":2.0},{"damage":14.0,"enemies":"The Guardian","floor":16.0,"turns":8.0},{"damage":0.0,"enemies":"3 Byrds","floor":18.0,"turns":2.0},{"damage":1.0,"enemies":"Shell Parasite","floor":19.0,"turns":5.0},{"damage":8.0,"enemies":"Centurion and Healer","floor":21.0,"turns":6.0},{"damage":13.0,"enemies":"Slavers","floor":24.0,"turns":6.0},{"damage":15.0,"enemies":"Book of Stabbing","floor":27.0,"turns":5.0},{"damage":0,"enemies":"Snecko","floor":31,"turns":5},{"damage":21,"enemies":"Collector","floor":33,"turns":9},{"damage":0,"enemies":"3 Darklings","floor":35,"turns":5},{"damage":0,"enemies":"3 Shapes","floor":37,"turns":7},{"damage":0,"enemies":"Jaw Worm Horde","floor":38,"turns":5},{"damage":0,"enemies":"Maw","floor":39,"turns":8},{"damage":2,"enemies":"4 Shapes","floor":40,"turns":7},{"damage":25,"enemies":"Reptomancer","floor":41,"turns":8},{"damage":0,"enemies":"Transient","floor":44,"turns":6},{"damage":0,"enemies":"Nemesis","floor":48,"turns":7},{"damage":44,"enemies":"Awakened One","floor":50,"turns":14}],"green_key_taken_log":24,"seed_played":"-4208790334580781032","neow_bonus_log":{"cardsObtained":[],"cardsUpgraded":[],"cardsRemoved":[],"cardsTransformed":[],"relicsObtained":[],"maxHpGained":0,"goldGained":250,"damageTaken":0,"goldLost":0,"maxHpLost":7},"potions_obtained":[{"floor":1.0,"key":"SpeedPotion"},{"floor":5.0,"key":"FearPotion"},{"floor":6.0,"key":"BlessingOfTheForge"},{"floor":10.0,"key":"Regen Potion"},{"floor":14.0,"key":"Weak Potion"},{"floor":19.0,"key":"DuplicationPotion"},{"floor":27.0,"key":"PowerPotion"},{"floor":38,"key":"AttackPotion"},{"floor":39,"key":"PowerPotion"},{"floor":41,"key":"SneckoOil"},{"floor":44,"key":"Weak Potion"}],"is_trial":false,"path_per_floor":["M","M","$","M","M","E","R","M","T","E","$","R","?","M","R","B",null,"M","M","?","M","?","R","E","R","T","E","?","$","R","M","R","B",null,"M","?","M","M","M","M","E","R","T","M","$","R","T","E","R","B"],"character_chosen":"DEFECT","basemod:card_modifiers":[null,null,null,null,null,null,null,null,null,null,null,null,null,null,null,null,null,null,null,null,null,null,null,null,null,null,null,null,null,null,null],"items_purchased":["Gambling Chip","Coolheaded","Compile Driver","Centennial Puzzle"],"campfire_rested":1,"item_purchase_floors":[3,11,45,45],"current_hp_per_floor":[64,57,57,48,46,13,32,30,30,30,30,30,42,41,41,27,55,55,54,54,46,32,32,26,26,26,18,18,18,18,25,25,11,27,32,32,32,32,32,32,14,14,14,21,21,21,21,28,28,0],"gold":211,"neow_bonus":"TWO_FIFTY_GOLD","is_prod":false,"is_daily":false,"rewards_skipped":[{"floor":8,"relics":[],"potions":["ColorlessPotion"]}],"chose_seed":false,"campfire_upgraded":8,"win_rate":0,"floor_exit_playtime":[100,147,167,228,330,464,469,508,512,587,616,640,735,769,777,915,1017,1105,1258,1309,1429,1438,1445,1563,1608,1612,1765,1777,1858,1870,1954,1997,2205,2317,2455,2466,2599,2810,2985,3135,3404,3418,3424,3635,3683,3715,3721,3939,3943],"timestamp":1710608435,"blue_key_relic_skipped_log":{"floor":47,"relicID":"Shuriken"},"path_taken":["M","M","$","M","M","E","R","M","T","E","$","R","?","M","R","BOSS","M","M","?","M","?","R","E","R","T","E","?","$","R","M","R","BOSS","M","?","M","?","M","M","E","R","T","M","$","R","?","E","R","BOSS"],"build_version":"2022-12-01","purchased_purges":3,"victory":false,"max_hp_per_floor":[64,64,64,64,64,64,64,64,64,64,64,64,64,64,64,64,64,64,64,64,64,32,32,32,32,32,32,32,32,32,32,32,32,32,32,32,32,32,32,32,32,32,32,32,32,32,32,32,32,32],"relic_stats":{"Happy Flower":[38],"Torii":4,"counters":[26,149],"Pen Nib":[16],"The Courier":88,"Juzu Bracelet":0,"Blood Vial":2,"Centennial Puzzle":[3],"Gambling Chip":[84],"Bronze Scales":[445],"Tiny Chest":1,"Black Star":2,"Art of War":[2],"obtain_stats":[{"Potion Belt":48,"Happy Flower":13,"Torii":43,"Pen Nib":6,"The Courier":27,"Juzu Bracelet":41,"Blood Vial":48,"Anchor":9,"Centennial Puzzle":45,"Gambling Chip":3,"Bronze Scales":10,"Tiny Chest":24,"Coffee Dripper":17,"Black Star":34,"Art of War":41,"Cracked Core":0,"FossilizedHelix":26},{"Potion Belt":25,"Happy Flower":8,"Torii":23,"Pen Nib":5,"The Courier":15,"Juzu Bracelet":23,"Blood Vial":25,"Anchor":6,"Centennial Puzzle":24,"Gambling Chip":2,"Bronze Scales":7,"Tiny Chest":14,"Coffee Dripper":10,"Black Star":17,"Art of War":23,"Cracked Core":0,"FossilizedHelix":14},{"Potion Belt":135,"Happy Flower":34,"Torii":122,"Pen Nib":25,"The Courier":68,"Juzu Bracelet":122,"Blood Vial":135,"Anchor":28,"Centennial Puzzle":128,"Gambling Chip":8,"Bronze Scales":30,"Tiny Chest":63,"Coffee Dripper":44,"Black Star":82,"Art of War":122,"Cracked Core":0,"FossilizedHelix":63}],"FossilizedHelix":[109]},"card_choices":[{"not_picked":["Hello World","Redo"],"picked":"Conserve Battery","floor":1.0},{"not_picked":["Conserve Battery","Tempest"],"picked":"Compile Driver","floor":2.0},{"not_picked":["Genetic Algorithm","Leap"],"picked":"Rip and Tear","floor":4.0},{"not_picked":["Stack","Consume"],"picked":"Streamline","floor":5.0},{"not_picked":["Turbo","Leap"],"picked":"Ball Lightning","floor":6.0},{"not_picked":["Aggregate","Gash","Steam"],"picked":"SKIP","floor":8.0},{"not_picked":["White Noise","Hello World"],"picked":"Capacitor","floor":10.0},{"not_picked":["Meteor Strike","Tempest"],"picked":"Sunder","floor":13.0},{"not_picked":["Fusion","Conserve Battery"],"picked":"Defragment","floor":14.0},{"not_picked":["Reboot","Machine Learning"],"picked":"Rainbow","floor":16.0},{"not_picked":["Coolheaded","Tempest"],"picked":"Undo","floor":18.0},{"not_picked":["Turbo","Steam Power","Steam"],"picked":"SKIP","floor":19.0},{"not_picked":["Redo","Steam"],"picked":"Self Repair","floor":21.0},{"not_picked":["Steam","Streamline+1","Go for the Eyes"],"picked":"SKIP","floor":24.0},{"not_picked":["Self Repair","Melter","Sunder"],"picked":"SKIP","floor":27.0},{"not_picked":["Turbo","Compile Driver","Streamline","Machine Learning","Leap","Cold Snap","Scrape","Go for the Eyes","Heatsinks","Sunder","Barrage","Skim","Blizzard","Loop","Fusion","Beam Cell","Melter","Reinforced Body","Ball Lightning"],"picked":"Biased Cognition","floor":28.0},{"not_picked":["All For One","Beam Cell"],"picked":"Compile Driver","floor":31},{"not_picked":["Thunder Strike","Amplify"],"picked":"Seek","floor":33},{"not_picked":["Aggregate","Auto Shields","Barrage"],"picked":"SKIP","floor":35},{"not_picked":["Go for the Eyes","Reprogram+1","Self Repair+1"],"picked":"SKIP","floor":37},{"not_picked":["Sweeping Beam+1","Steam","Gash"],"picked":"SKIP","floor":38},{"not_picked":["White Noise+1","Sweeping Beam+1","Rebound"],"picked":"SKIP","floor":39},{"not_picked":["Doom and Gloom+1","Amplify"],"picked":"Hologram","floor":40},{"not_picked":["Melter","Sweeping Beam","Storm"],"picked":"SKIP","floor":41},{"not_picked":["Barrage","Tempest"],"picked":"Fusion","floor":44},{"not_picked":["Rebound","Coolheaded"],"picked":"Go for the Eyes+1","floor":48}],"player_experience":144148,"relics_obtained":[{"floor":6.0,"key":"Pen Nib"},{"floor":9.0,"key":"Anchor"},{"floor":10.0,"key":"Bronze Scales"},{"floor":13.0,"key":"Happy Flower"},{"floor":24.0,"key":"Tiny Chest"},{"floor":26.0,"key":"FossilizedHelix"},{"floor":27.0,"key":"The Courier"},{"floor":41,"key":"Art of War"},{"floor":41,"key":"Juzu Bracelet"},{"floor":43,"key":"Torii"},{"floor":48,"key":"Blood Vial"},{"floor":48,"key":"Potion Belt"}],"event_choices":[{"damage_healed":0.0,"max_hp_gain":0.0,"max_hp_loss":0.0,"gold_gain":30.0,"event_name":"Dead Adventurer","player_choice":"Searched \u00273\u0027 times","floor":13.0,"gold_loss":0.0,"damage_taken":0.0},{"damage_healed":0.0,"max_hp_gain":0.0,"max_hp_loss":0.0,"gold_gain":0.0,"event_name":"Forgotten Altar","player_choice":"Smashed Altar","floor":20.0,"gold_loss":0.0,"damage_taken":0.0,"cards_obtained":["Decay"]},{"damage_healed":0.0,"max_hp_gain":0.0,"max_hp_loss":32.0,"gold_gain":0.0,"event_name":"Ghosts","player_choice":"Became a Ghost","floor":22.0,"gold_loss":0.0,"damage_taken":0.0,"cards_obtained":["Ghostly","Ghostly","Ghostly"]},{"damage_healed":0.0,"max_hp_gain":0.0,"max_hp_loss":0.0,"gold_gain":0.0,"event_name":"The Library","player_choice":"Read","floor":28.0,"gold_loss":0.0,"damage_taken":0.0,"cards_obtained":["Biased Cognition"]},{"damage_healed":0,"gold_gain":0,"player_choice":"Upgraded","damage_taken":0,"max_hp_gain":0,"max_hp_loss":0,"event_name":"Upgrade Shrine","floor":36,"gold_loss":0,"cards_upgraded":["Seek"]}],"is_beta":false,"boss_relics":[{"not_picked":["Velvet Choker","Runic Dome"],"picked":"Coffee Dripper"},{"not_picked":["SacredBark","Calling Bell"],"picked":"Black Star"}],"items_purged_floors":[11,29,45],"is_endless":false,"potions_floor_spawned":[1,5,6,8,10,14,19,27,38,39,41,44],"killed_by":"Awakened One","ascension_level":20,"potion_discard_per_floor":[[],[],[],[],[],[],[],[],[],[],[],[],[],[],[],[],[],[],["Weak Potion"],[],[],[],[],[],[],[],[],[],[],[],[],[],[],[],[],[],[],[],[],[],[],[],[],[],[],[],[],[],[],[]]}