{"neow_bonuses_skipped_log":["THREE_ENEMY_KILL","ONE_RARE_RELIC","BOSS_RELIC"],"potions_obtained_entropic_brew":[[],[],[],[],[],[],[],[],[],[],[],[],[],[],[],[]],"neow_costs_skipped_log":["NONE","NO_GOLD","NONE"],"gold_per_floor":[113,5,24,42,56,89,89,33,33,33,33,44,55,55,55,55],"floor_reached":16,"playtime":1076,"items_purged":[],"score":204,"play_id":"5c6ef7e0-3af2-4c28-bdbe-9b297f22f7d8","local_time":"20240317212834","score_breakdown":["Floors Climbed (16): 80","Enemies Slain (6): 12","Exordium Elites Killed (1): 10","Bosses Slain (0): 0","Ascension (20): 102"],"is_ascension_mode":true,"potions_obtained_alchemize":[[],[],[],[],[],[],[],[],[],[],[],[],[],[],[],[]],"campfire_choices":[{"data":"Defragment","floor":7,"key":"SMITH"},{"data":"Streamline","floor":10,"key":"SMITH"},{"data":"Hologram","floor":15,"key":"SMITH"}],"lesson_learned_per_floor":[[],[],[],[],[],[],[],[],[],[],[],[],[],[],[],[]],"neow_cost":"NONE","improvable_cards":{},"seed_source_timestamp":205991196779459,"shop_contents":[{"floor":2,"relics":["Lantern","Shuriken","Toolbox"],"cards":["Melter","FTL","Turbo","Hello World","Jack Of All Trades","Thinking Ahead"],"potions":["LiquidMemories","Weak Potion"]},{"floor":8,"relics":["InkBottle","Girya","HandDrill"],"cards":["Sunder","Conserve Battery","Double Energy","Capacitor","Good Instincts","Apotheosis"],"potions":["SpeedPotion","PotionOfCapacity","SneckoOil"]}],"circlet_count":0,"master_deck":["AscendersBane","Strike_B","Strike_B","Strike_B","Strike_B","Defend_B","Defend_B","Defend_B","Zap+1","Dualcast","Dramatic Entrance","Streamline+1","Conserve Battery+1","Chill","Defragment+1","Undo","Cold Snap","Compile Driver","Hologram+1","Glacier"],"potion_use_per_floor":[[],[],[],[],[],["FocusPotion","AttackPotion"],[],[],[],[],[],[],[],[],[],[]],"relics":["Cracked Core","Singing Bowl","Letter Opener"],"potions_floor_usage":[6,6],"damage_taken":[{"damage":0,"enemies":"Cultist","floor":1,"turns":3},{"damage":1,"enemies":"2 Louse","floor":3,"turns":3},{"damage":1,"enemies":"Small Slimes","floor":4,"turns":2},{"damage":2,"enemies":"Exordium Wildlife","floor":5,"turns":3},{"damage":10,"enemies":"3 Sentries","floor":6,"turns":5},{"damage":6,"enemies":"Blue Slaver","floor":12,"turns":4},{"damage":0,"enemies":"Looter","floor":13,"turns":2},{"damage":30,"enemies":"Slime Boss","floor":16,"turns":5}],"green_key_taken_log":6,"seed_played":"4705555841132110682","neow_bonus_log":{"cardsObtained":[],"cardsUpgraded":[],"cardsRemoved":[],"cardsTransformed":[],"relicsObtained":[],"maxHpGained":0,"goldGained":0,"damageTaken":0,"goldLost":0,"maxHpLost":0},"potions_obtained":[{"floor":1,"key":"EssenceOfSteel"},{"floor":3,"key":"FocusPotion"},{"floor":13,"key":"Strength Potion"}],"is_trial":false,"path_per_floor":["M","$","M","M","M","E","R","$","T","R","?","M","M","?","R","B"],"character_chosen":"DEFECT","basemod:card_modifiers":[null,null,null,null,null,null,null,null,null,null,null,null,null,null,null,null,null,null,null,null],"items_purchased":["AttackPotion","Conserve Battery","Compile Driver"],"campfire_rested":0,"item_purchase_floors":[2,2,8],"current_hp_per_floor":[64,64,63,62,60,50,50,50,50,50,29,23,25,25,25,0],"gold":55,"neow_bonus":"RANDOM_COLORLESS","is_prod":false,"is_daily":false,"rewards_skipped":[{"floor":4,"relics":[],"potions":["Block Potion"]}],"chose_seed":false,"campfire_upgraded":3,"win_rate":0,"floor_exit_playtime":[373,434,489,539,583,712,720,748,752,793,806,898,922,938,972],"timestamp":1710725314,"path_taken":["M","$","M","M","M","E","R","$","T","R","?","M","M","?","R","BOSS"],"build_version":"2022-12-01","purchased_purges":0,"victory":false,"max_hp_per_floor":[71,71,71,71,71,71,71,71,71,71,71,71,73,73,73,73],"relic_stats":{"Singing Bowl":2,"counters":[8,27],"Letter Opener":[5],"obtain_stats":[{"Singing Bowl":6,"Letter Opener":9,"Cracked Core":0},{"Singing Bowl":5,"Letter Opener":5,"Cracked Core":0},{"Singing Bowl":16,"Letter Opener":16,"Cracked Core":0}]},"card_choices":[{"not_picked":["Dark Shackles","Trip"],"picked":"Dramatic Entrance","floor":0},{"not_picked":["Barrage","Go for the Eyes"],"picked":"Streamline","floor":1},{"not_picked":["Conserve Battery","Capacitor"],"picked":"Chill","floor":3},{"not_picked":["Compile Driver","Sunder"],"picked":"Defragment","floor":4},{"not_picked":["Steam","Coolheaded"],"picked":"Undo","floor":5},{"not_picked":["Turbo","Lockon"],"picked":"Cold Snap","floor":6},{"not_picked":["Glacier","Chill"],"picked":"Hologram","floor":12},{"not_picked":["Leap","Reinforced Body","Streamline"],"picked":"Singing Bowl","floor":13}],"player_experience":99214,"relics_obtained":[{"floor":6,"key":"Singing Bowl"},{"floor":9,"key":"Letter Opener"}],"event_choices":[{"damage_healed":0,"gold_gain":0,"player_choice":"Entered Light","damage_taken":21,"max_hp_gain":0,"max_hp_loss":0,"event_name":"Shining Light","floor":11,"gold_loss":0,"cards_upgraded":["Zap","Conserve Battery"]},{"damage_healed":0,"gold_gain":0,"cards_transformed":["Defend_B"],"player_choice":"Transformed","damage_taken":0,"max_hp_gain":0,"max_hp_loss":0,"event_name":"Transmorgrifier","floor":14,"gold_loss":0,"cards_obtained":["Glacier"]}],"is_beta":false,"boss_relics":[],"items_purged_floors":[],"is_endless":false,"potions_floor_spawned":[1,3,4,13],"killed_by":"Slime Boss","ascension_level":20,"potion_discard_per_floor":[[],[],["EssenceOfSteel"],[],[],[],[],[],[],[],[],[],[],[],[],[]]}