{"neow_bonuses_skipped_log":["ONE_RANDOM_RARE_CARD","THREE_SMALL_POTIONS","TWENTY_PERCENT_HP_BONUS"],"potions_obtained_entropic_brew":[[],[],[],[],[],[],[],[],[],[],[],[],[],[],[],[],[],[],[],[],[],[],[],[],[],[],[],[],[]],"neow_costs_skipped_log":["NONE","NONE","CURSE"],"gold_per_floor":[111,111,123,143,163,163,182,182,182,215,215,52,52,85,85,161,161,179,179,104,123,141,141,169,169,169,169,182,182],"floor_reached":29,"playtime":1603,"items_purged":[],"score":556,"play_id":"1f3cb06e-e0db-42a5-ae4d-2fb510cfb76c","local_time":"20240320150803","score_breakdown":["Floors Climbed (29): 145","Enemies Slain (9): 18","Exordium Elites Killed (2): 20","City Elites Killed (1): 20","Bosses Slain (1): 50","Champion (1): 25","Ascension (20): 278"],"is_ascension_mode":true,"potions_obtained_alchemize":[[],[],[],[],[],[],[],[],[],[],[],[],[],[],[],[],[],[],[],[],[],[],[],[],[],[],[],[],[]],"campfire_choices":[{"data":"Sunder","floor":6.0,"key":"SMITH"},{"floor":8.0,"key":"REST"},{"floor":11.0,"key":"REST"},{"data":"Fission","floor":15.0,"key":"SMITH"},{"data":"Seek","floor":23.0,"key":"SMITH"}],"lesson_learned_per_floor":[[],[],[],[],[],[],[],[],[],[],[],[],[],[],[],[],[],[],[],[],[],[],[],[],[],[],[],[],[]],"neow_cost":"NONE","improvable_cards":{},"seed_source_timestamp":143388095141375,"shop_contents":[{"floor":12,"relics":["Art of War","DollysMirror"],"cards":["Melter","Sweeping Beam","Coolheaded","Turbo","Heatsinks","Purity","Master of Strategy"],"potions":["Regen Potion","ColorlessPotion","LiquidBronze"]}],"circlet_count":0,"master_deck":["AscendersBane","Dualcast","Hello World","Turbo","Ball Lightning","Sunder+1","Coolheaded","Doom and Gloom","Fission+1","Electrodynamics","Skim","Creative AI","All For One","Seek+1","Consume","Leap","FTL","Go for the Eyes+1","Double Energy","Compile Driver","Self Repair"],"special_seed":0,"potion_use_per_floor":[[],[],[],[],[],[],[],[],[],["Strength Potion"],[],[],[],["BlessingOfTheForge"],[],["PowerPotion"],[],["AttackPotion"],[],[],[],[],[],["ColorlessPotion"],[],[],[],[],[]],"relics":["SlaversCollar","Vajra","Juzu Bracelet","Bag of Preparation","Akabeko","Pandora\u0027s Box","Omamori","HornCleat","MutagenicStrength"],"potions_floor_usage":[24],"damage_taken":[{"damage":1.0,"enemies":"Cultist","floor":1.0,"turns":4.0},{"damage":14.0,"enemies":"Jaw Worm","floor":3.0,"turns":5.0},{"damage":2.0,"enemies":"2 Louse","floor":4.0,"turns":3.0},{"damage":26.0,"enemies":"Exordium Thugs","floor":5.0,"turns":6.0},{"damage":11.0,"enemies":"Looter","floor":7.0,"turns":2.0},{"damage":13.0,"enemies":"3 Sentries","floor":10.0,"turns":4.0},{"damage":0.0,"enemies":"Gremlin Nob","floor":14.0,"turns":2.0},{"damage":18.0,"enemies":"Hexaghost","floor":16.0,"turns":6.0},{"damage":11.0,"enemies":"2 Thieves","floor":18.0,"turns":2.0},{"damage":3.0,"enemies":"3 Byrds","floor":21.0,"turns":2.0},{"damage":6.0,"enemies":"Shelled Parasite and Fungi","floor":22.0,"turns":2.0},{"damage":12,"enemies":"Gremlin Leader","floor":24,"turns":3},{"damage":18,"enemies":"Cultist and Chosen","floor":28,"turns":4},{"damage":13,"enemies":"Snecko","floor":29,"turns":3}],"seed_played":"3918423878141604033","neow_bonus_log":{"cardsObtained":[],"cardsUpgraded":[],"cardsRemoved":[],"cardsTransformed":[],"relicsObtained":["SlaversCollar"],"maxHpGained":0,"goldGained":0,"damageTaken":0,"goldLost":0,"maxHpLost":0},"potions_obtained":[{"floor":1.0,"key":"Strength Potion"},{"floor":3.0,"key":"BlessingOfTheForge"},{"floor":14.0,"key":"PowerPotion"},{"floor":16.0,"key":"AttackPotion"},{"floor":22.0,"key":"ColorlessPotion"}],"is_trial":false,"path_per_floor":["M","?","M","M","M","R","M","R","T","E","R","$","?","E","R","B",null,"M","?","?","M","M","R","E","?","T","?","M","M"],"character_chosen":"DEFECT","basemod:card_modifiers":[null,null,null,null,null,null,null,null,null,null,null,null,null,null,null,null,null,null,null,null,null],"items_purchased":["Bag of Preparation"],"campfire_rested":2,"item_purchase_floors":[12],"current_hp_per_floor":[63,63,49,47,21,21,10,31,31,18,39,39,39,39,39,21,59,48,48,48,45,39,39,27,27,27,27,9,0],"gold":182,"neow_bonus":"BOSS_RELIC","is_prod":false,"is_daily":false,"rewards_skipped":[],"chose_seed":false,"campfire_upgraded":3,"win_rate":0,"floor_exit_playtime":[120,131,175,210,328,343,368,374,384,503,507,552,584,645,669,802,843,932,953,982,1069,1148,1161,1306,1345,1348,1413,1528],"timestamp":1710961683,"path_taken":["M","?","M","M","M","R","M","R","T","E","R","$","?","E","R","BOSS","M","?","?","M","M","R","E","?","T","?","M","M"],"build_version":"2022-12-01","purchased_purges":0,"victory":false,"max_hp_per_floor":[71,71,71,71,71,71,71,71,71,71,71,71,71,71,71,71,71,71,71,71,71,71,71,71,71,71,71,71,71],"relic_stats":{"counters":[14,48],"Pandora\u0027s Box":["All For One","Seek","Consume","Hello World","Leap","FTL"],"Juzu Bracelet":1,"Bag of Preparation":[16],"Omamori":0,"obtain_stats":[{"SlaversCollar":0,"HornCleat":26,"MutagenicStrength":27,"Vajra":9,"Pandora\u0027s Box":17,"Juzu Bracelet":10,"Bag of Preparation":12,"Omamori":24,"Cracked Core":0,"Akabeko":14},{"SlaversCollar":0,"HornCleat":12,"MutagenicStrength":12,"Vajra":5,"Pandora\u0027s Box":8,"Juzu Bracelet":6,"Bag of Preparation":6,"Omamori":12,"Cracked Core":0,"Akabeko":7},{"SlaversCollar":0,"HornCleat":41,"MutagenicStrength":41,"Vajra":20,"Pandora\u0027s Box":32,"Juzu Bracelet":24,"Bag of Preparation":24,"Omamori":41,"Cracked Core":0,"Akabeko":26}]},"card_choices":[{"not_picked":["Rebound","Coolheaded"],"picked":"Hello World","floor":1.0},{"not_picked":["Stack","Redo"],"picked":"Ball Lightning","floor":3.0},{"not_picked":["Turbo","Go for the Eyes"],"picked":"Sunder","floor":4.0},{"not_picked":["Turbo","Steam"],"picked":"Coolheaded","floor":5.0},{"not_picked":["Hologram","Genetic Algorithm"],"picked":"Doom and Gloom","floor":7.0},{"not_picked":["Cold Snap","Tempest"],"picked":"Fission","floor":10.0},{"not_picked":["Conserve Battery","Chill"],"picked":"Skim","floor":14.0},{"not_picked":["Amplify","Thunder Strike"],"picked":"Creative AI","floor":16.0},{"not_picked":["Stack","Tempest"],"picked":"Go for the Eyes+1","floor":18.0},{"not_picked":["Hello World","Static Discharge"],"picked":"Double Energy","floor":21.0},{"not_picked":["Fusion","Sunder"],"picked":"Compile Driver","floor":22.0},{"not_picked":["Sunder","Leap","Go for the Eyes"],"picked":"SKIP","floor":24},{"not_picked":["Core Surge","Capacitor"],"picked":"Self Repair","floor":28}],"player_experience":125128,"relics_obtained":[{"floor":9.0,"key":"Vajra"},{"floor":10.0,"key":"Juzu Bracelet"},{"floor":14.0,"key":"Akabeko"},{"floor":24,"key":"Omamori"},{"floor":26,"key":"HornCleat"}],"event_choices":[{"damage_healed":0.0,"max_hp_gain":0.0,"max_hp_loss":0.0,"gold_gain":0.0,"cards_transformed":["Strike_B"],"event_name":"Transmorgrifier","player_choice":"Transformed","floor":2.0,"gold_loss":0.0,"damage_taken":0.0,"cards_obtained":["Turbo"]},{"damage_healed":0.0,"max_hp_gain":0.0,"max_hp_loss":0.0,"gold_gain":0.0,"cards_transformed":["Defend_B"],"event_name":"Living Wall","player_choice":"Change","floor":13.0,"gold_loss":0.0,"damage_taken":0.0,"cards_obtained":["Electrodynamics"]},{"damage_healed":0.0,"max_hp_gain":0.0,"max_hp_loss":0.0,"gold_gain":0.0,"event_name":"Vampires","player_choice":"Ignored","floor":19.0,"gold_loss":0.0,"damage_taken":0.0},{"cards_removed":["Hello World"],"damage_healed":0.0,"max_hp_gain":0.0,"max_hp_loss":0.0,"gold_gain":0.0,"event_name":"Beggar","player_choice":"Gave Gold","floor":20.0,"gold_loss":75.0,"damage_taken":0.0},{"cards_removed":["Zap"],"damage_healed":0,"gold_gain":0,"player_choice":"Elegance","damage_taken":0,"max_hp_gain":0,"max_hp_loss":0,"event_name":"Back to Basics","floor":25,"gold_loss":0},{"damage_healed":0,"gold_gain":0,"player_choice":"Inject Mutagens","damage_taken":0,"relics_obtained":["MutagenicStrength"],"max_hp_gain":0,"max_hp_loss":0,"event_name":"Drug Dealer","floor":27,"gold_loss":0}],"is_beta":false,"boss_relics":[{"not_picked":["Black Star","Coffee Dripper"],"picked":"Pandora\u0027s Box"}],"items_purged_floors":[],"is_endless":false,"potions_floor_spawned":[1,3,14,16,22],"killed_by":"Snecko","ascension_level":20,"potion_discard_per_floor":[[],[],[],[],[],[],[],[],[],[],[],[],[],[],[],[],[],[],[],[],[],[],[],[],[],[],[],[],[]]}