{"neow_bonuses_skipped_log":["TRANSFORM_CARD","TWENTY_PERCENT_HP_BONUS","BOSS_RELIC"],"potions_obtained_entropic_brew":[[],[],[],[],[],[],[],[],[],[],[],[],[],[],[],[],[],[],[],[],[],[],[],[],[],[],[],[],[],[],[],[],[]],"neow_costs_skipped_log":["NONE","CURSE","NONE"],"gold_per_floor":[217,232,246,246,266,266,56,56,56,56,81,94,94,94,94,165,165,182,182,198,215,225,225,8,27,51,51,51,51,51,64,64,64],"floor_reached":33,"playtime":3507,"items_purged":["Strike_B"],"score":594,"play_id":"02dbfba9-43cb-4e01-b918-3ccd8dd4bca7","local_time":"20240311143359","score_breakdown":["Floors Climbed (33): 165","Enemies Slain (11): 22","Exordium Elites Killed (1): 10","City Elites Killed (0): 0","Bosses Slain (1): 50","Perfect (1): 50","Ascension (20): 297"],"is_ascension_mode":true,"potions_obtained_alchemize":[[],[],[],[],[],[],[],[],[],[],[],[],[],[],[],[],[],[],[],[],[],[],[],[],[],[],[],[],[],[],[],[],[]],"campfire_choices":[{"data":"Hologram","floor":6,"key":"SMITH"},{"data":"Sweeping Beam","floor":8,"key":"SMITH"},{"data":"Rip and Tear","floor":10,"key":"SMITH"},{"data":"Zap","floor":15,"key":"SMITH"},{"data":"Seek","floor":23,"key":"SMITH"},{"floor":27,"key":"REST"},{"floor":32,"key":"REST"}],"lesson_learned_per_floor":[[],[],[],[],[],[],[],[],[],[],[],[],[],[],[],[],[],[],[],[],[],[],[],[],[],[],[],[],[],[],[],[],[]],"neow_cost":"NONE","improvable_cards":{},"seed_source_timestamp":468726649918834,"shop_contents":[{"floor":7,"relics":["Orichalcum","Centennial Puzzle"],"cards":["Sweeping Beam","Leap","Hologram","Storm","Dramatic Entrance","Thinking Ahead"],"potions":["PotionOfCapacity","SkillPotion","PotionOfCapacity"]},{"floor":24,"relics":["PreservedInsect","War Paint","Sling"],"cards":["Ball Lightning","Thunder Strike","White Noise","Tempest","Magnetism"],"potions":["BlessingOfTheForge","Swift Potion","SneckoOil"]}],"circlet_count":0,"master_deck":["AscendersBane","Strike_B","Strike_B+1","Defend_B","Defend_B","Defend_B","Zap+1","Dualcast+1","Cold Snap","Rip and Tear+1","Sweeping Beam+1","Hologram+1","Compile Driver","Buffer","Seek+1","Doom and Gloom","Turbo","Gash","Rebound+1","Recycle","Defragment","Trip","Self Repair","Chill"],"special_seed":0,"potion_use_per_floor":[[],[],[],[],[],[],[],[],[],[],["Regen Potion"],[],[],[],[],[],[],[],[],["Fire Potion"],[],[],[],[],["GamblersBrew"],[],[],[],[],[],["DuplicationPotion"],[],[]],"relics":["Cracked Core","Shuriken","ClockworkSouvenir","Bronze Scales","DataDisk","Mummified Hand","Empty Cage","Nilry\u0027s Codex"],"potions_floor_usage":[11,20,25,31],"damage_taken":[{"damage":9.0,"enemies":"Jaw Worm","floor":1.0,"turns":4.0},{"damage":0,"enemies":"Cultist","floor":2,"turns":4},{"damage":0,"enemies":"Small Slimes","floor":3,"turns":3},{"damage":4,"enemies":"Looter","floor":5,"turns":3},{"damage":21,"enemies":"Lagavulin","floor":11,"turns":7},{"damage":3,"enemies":"Exordium Wildlife","floor":12,"turns":2},{"damage":0,"enemies":"Hexaghost","floor":16,"turns":7},{"damage":13,"enemies":"Shell Parasite","floor":18,"turns":4},{"damage":9,"enemies":"2 Thieves","floor":20,"turns":3},{"damage":3,"enemies":"Sentry and Sphere","floor":21,"turns":3},{"damage":14,"enemies":"Centurion and Healer","floor":22,"turns":8},{"damage":7,"enemies":"3 Cultists","floor":25,"turns":3},{"damage":10,"enemies":"Cultist and Chosen","floor":31,"turns":5},{"damage":31,"enemies":"Collector","floor":33,"turns":3}],"seed_played":"2345152265620599068","neow_bonus_log":{"cardsObtained":[],"cardsUpgraded":[],"cardsRemoved":[],"cardsTransformed":[],"relicsObtained":[],"maxHpGained":0,"goldGained":100,"damageTaken":0,"goldLost":0,"maxHpLost":0},"potions_obtained":[{"floor":1.0,"key":"Regen Potion"},{"floor":5,"key":"GamblersBrew"},{"floor":12,"key":"Fire Potion"},{"floor":20,"key":"DuplicationPotion"},{"floor":31,"key":"Energy Potion"}],"is_trial":false,"path_per_floor":["M","M","M","?","M","R","$","R","T","R","E","M","T","?","R","B",null,"M","?","M","M","M","R","$","M","T","R","?","?","?","M","R","B"],"character_chosen":"DEFECT","basemod:card_modifiers":[null,null,null,null,null,null,null,null,null,null,null,null,null,null,null,null,null,null,null,null,null,null,null,null],"items_purchased":["ClockworkSouvenir","Compile Driver","Defragment","Trip"],"campfire_rested":2,"item_purchase_floors":[7,7,24,24],"current_hp_per_floor":[55,55,55,50,46,46,46,46,46,46,40,37,37,16,16,16,57,44,44,35,32,18,18,18,11,11,32,32,32,11,8,29,0],"gold":64,"neow_bonus":"HUNDRED_GOLD","is_prod":false,"is_daily":false,"rewards_skipped":[],"chose_seed":false,"campfire_upgraded":5,"win_rate":0,"floor_exit_playtime":[157,502,545,563,662,679,716,759,776,784,895,1096,1103,1117,1161,1318,1433,1530,1576,1774,2286,2758,2814,2887,3135,3151,3157,3161,3164,3201,3360,3363],"timestamp":1710182039,"blue_key_relic_skipped_log":{"floor":26,"relicID":"Whetstone"},"path_taken":["M","?","M","?","M","R","$","R","T","R","E","M","?","?","R","BOSS","M","?","M","M","?","R","?","M","T","R","?","?","?","M","R","BOSS"],"build_version":"2022-12-01","purchased_purges":1,"victory":false,"max_hp_per_floor":[71,71,71,71,71,71,71,71,71,71,71,71,71,71,71,71,71,71,71,71,71,71,71,71,71,71,71,71,71,71,71,71,71],"relic_stats":{"counters":[14,59],"Shuriken":[9],"Mummified Hand":[13],"Nilry\u0027s Codex":[1,4,2,0],"Bronze Scales":[109],"obtain_stats":[{"DataDisk":11,"Shuriken":4,"Mummified Hand":13,"Nilry\u0027s Codex":30,"Bronze Scales":9,"Cracked Core":0,"Empty Cage":17,"ClockworkSouvenir":7},{"DataDisk":5,"Shuriken":3,"Mummified Hand":6,"Nilry\u0027s Codex":12,"Bronze Scales":4,"Cracked Core":0,"Empty Cage":7,"ClockworkSouvenir":4},{"DataDisk":21,"Shuriken":11,"Mummified Hand":23,"Nilry\u0027s Codex":51,"Bronze Scales":14,"Cracked Core":0,"Empty Cage":30,"ClockworkSouvenir":14}]},"card_choices":[{"not_picked":["Turbo","Conserve Battery"],"picked":"Cold Snap","floor":1.0},{"not_picked":["Cold Snap","Compile Driver"],"picked":"Rip and Tear","floor":2},{"not_picked":["Reboot","Coolheaded"],"picked":"Sweeping Beam","floor":3},{"not_picked":["Loop","Streamline"],"picked":"Hologram","floor":5},{"not_picked":["Stack","Rip and Tear"],"picked":"Buffer","floor":11},{"not_picked":["Genetic Algorithm","Streamline","Steam"],"picked":"SKIP","floor":12},{"not_picked":["Core Surge","Multi-Cast"],"picked":"Seek","floor":16},{"not_picked":["Cold Snap","Barrage"],"picked":"Doom and Gloom","floor":18},{"not_picked":["Capacitor","Barrage","Heatsinks","Force Field","Blizzard","Coolheaded","Sweeping Beam","Chaos","Streamline","Hologram","Redo","Conserve Battery","White Noise","Steam","Compile Driver","Gash","Consume","Stack","Cold Snap"],"picked":"Turbo","floor":19},{"not_picked":["Static Discharge","Cold Snap"],"picked":"Gash","floor":20},{"not_picked":["Rip and Tear","White Noise"],"picked":"Rebound+1","floor":21},{"not_picked":["Steam","Ball Lightning"],"picked":"Recycle","floor":22},{"not_picked":["Sweeping Beam","Darkness"],"picked":"Self Repair","floor":25},{"not_picked":["Streamline","Hologram"],"picked":"Chill","floor":31}],"player_experience":156109,"relics_obtained":[{"floor":9,"key":"Bronze Scales"},{"floor":11,"key":"DataDisk"},{"floor":13,"key":"Mummified Hand"},{"floor":30,"key":"Nilry\u0027s Codex"}],"event_choices":[{"damage_healed":0,"gold_gain":0,"player_choice":"Success","damage_taken":5,"relics_obtained":["Shuriken"],"max_hp_gain":0,"max_hp_loss":0,"event_name":"Scrap Ooze","floor":4,"gold_loss":0},{"damage_healed":0,"gold_gain":0,"player_choice":"Entered Light","damage_taken":21,"max_hp_gain":0,"max_hp_loss":0,"event_name":"Shining Light","floor":14,"gold_loss":0,"cards_upgraded":["Dualcast","Strike_B"]},{"damage_healed":0,"gold_gain":0,"player_choice":"Read","damage_taken":0,"max_hp_gain":0,"max_hp_loss":0,"event_name":"The Library","floor":19,"gold_loss":0,"cards_obtained":["Turbo"]},{"damage_healed":0,"gold_gain":0,"player_choice":"Ignored","damage_taken":0,"max_hp_gain":0,"max_hp_loss":0,"event_name":"The Mausoleum","floor":29,"gold_loss":0},{"damage_healed":0,"gold_gain":0,"player_choice":"Obtained Book","damage_taken":21,"max_hp_gain":0,"max_hp_loss":0,"event_name":"Cursed Tome","floor":30,"gold_loss":0}],"is_beta":false,"boss_relics":[{"not_picked":["Tiny House","Velvet Choker"],"picked":"Empty Cage"}],"items_purged_floors":[24],"is_endless":false,"potions_floor_spawned":[1,5,12,20,31],"killed_by":"Collector","ascension_level":20,"potion_discard_per_floor":[[],[],[],[],[],[],[],[],[],[],[],[],[],[],[],[],[],[],[],[],[],[],[],[],[],[],[],[],[],[],[],[],[]]}