{"neow_bonuses_skipped_log":["TRANSFORM_CARD","ONE_RARE_RELIC","BOSS_RELIC"],"potions_obtained_entropic_brew":[[],[],[],[],[],[],[],[],[],[],[],[],[],[],[],[]],"neow_costs_skipped_log":["NONE","CURSE","NONE"],"gold_per_floor":[109,119,119,133,156,156,194,217,270,270,331,187,187,225,225,225],"floor_reached":16,"playtime":1003,"items_purged":[],"score":220,"play_id":"3d6f6907-e772-411e-ab18-7c42eb40bc33","local_time":"20240320175438","score_breakdown":["Floors Climbed (16): 80","Enemies Slain (5): 10","Exordium Elites Killed (2): 20","Bosses Slain (0): 0","Ascension (20): 110"],"is_ascension_mode":true,"potions_obtained_alchemize":[[],[],[],[],[],[],[],[],[],[],[],[],[],[],[],[]],"campfire_choices":[{"data":"Sunder","floor":6,"key":"SMITH"},{"data":"Beam Cell","floor":10,"key":"SMITH"},{"data":"Reprogram","floor":15,"key":"SMITH"}],"lesson_learned_per_floor":[[],[],[],[],[],[],[],[],[],[],[],[],[],[],[],[]],"neow_cost":"NONE","improvable_cards":{},"seed_source_timestamp":154022237647834,"shop_contents":[{"floor":12,"relics":["Peace Pipe","CaptainsWheel","Cauldron"],"cards":["Sunder","Melter","Fusion","Defragment","Mind Blast","Mayhem"],"potions":["PowerPotion","Swift Potion"]}],"circlet_count":0,"master_deck":["AscendersBane","Strike_B","Strike_B","Strike_B","Strike_B","Defend_B","Defend_B","Defend_B","Defend_B","Zap","Dualcast","Streamline+1","Cold Snap","Beam Cell+1","Sunder+1","Reboot","Turbo","Reprogram+1","Buffer"],"potion_use_per_floor":[[],[],[],[],[],[],["PowerPotion"],[],[],[],[],[],[],["Regen Potion"],[],["AttackPotion","LiquidBronze"]],"relics":["Cracked Core","Lantern","Golden Idol","Ginger","Blue Candle"],"potions_floor_usage":[7,14,16,16],"damage_taken":[{"damage":1,"enemies":"Cultist","floor":1,"turns":4},{"damage":2,"enemies":"Jaw Worm","floor":2,"turns":3},{"damage":12,"enemies":"Small Slimes","floor":4,"turns":4},{"damage":0,"enemies":"Looter","floor":5,"turns":2},{"damage":9,"enemies":"Gremlin Nob","floor":7,"turns":3},{"damage":7,"enemies":"Lots of Slimes","floor":8,"turns":4},{"damage":10,"enemies":"Lagavulin","floor":14,"turns":7},{"damage":39,"enemies":"Hexaghost","floor":16,"turns":7}],"seed_played":"-7972019034843480466","neow_bonus_log":{"cardsObtained":[],"cardsUpgraded":[],"cardsRemoved":[],"cardsTransformed":[],"relicsObtained":["Lantern"],"maxHpGained":0,"goldGained":0,"damageTaken":0,"goldLost":0,"maxHpLost":0},"potions_obtained":[{"floor":1,"key":"Regen Potion"},{"floor":5,"key":"PowerPotion"},{"floor":14,"key":"LiquidBronze"}],"is_trial":false,"path_per_floor":["M","M","?","M","M","R","E","M","T","R","?","$","?","E","R","B"],"character_chosen":"DEFECT","basemod:card_modifiers":[null,null,null,null,null,null,null,null,null,null,null,null,null,null,null,null,null,null,null],"items_purchased":["Reprogram","AttackPotion"],"campfire_rested":0,"item_purchase_floors":[12,12],"current_hp_per_floor":[63,61,61,49,49,49,40,33,33,33,33,33,33,38,38,0],"gold":225,"neow_bonus":"RANDOM_COMMON_RELIC","is_prod":false,"is_daily":false,"rewards_skipped":[],"chose_seed":false,"campfire_upgraded":3,"win_rate":0,"floor_exit_playtime":[161,206,221,288,352,365,447,510,520,541,560,695,734,876,885],"timestamp":1710971678,"blue_key_relic_skipped_log":{"floor":9,"relicID":"Juzu Bracelet"},"path_taken":["M","M","?","M","M","R","E","M","T","R","?","$","?","E","R","BOSS"],"build_version":"2022-12-01","purchased_purges":0,"victory":false,"max_hp_per_floor":[71,71,64,64,64,64,64,64,64,64,64,64,64,64,64,64],"relic_stats":{"counters":[8,34],"Golden Idol":29,"Blue Candle":[0],"Ginger":[2],"obtain_stats":[{"Lantern":0,"Golden Idol":3,"Blue Candle":14,"Ginger":7,"Cracked Core":0},{"Lantern":0,"Golden Idol":2,"Blue Candle":7,"Ginger":5,"Cracked Core":0},{"Lantern":0,"Golden Idol":7,"Blue Candle":27,"Ginger":16,"Cracked Core":0}]},"card_choices":[{"not_picked":["Gash","Aggregate"],"picked":"Streamline","floor":1},{"not_picked":["Leap","Stack"],"picked":"Cold Snap","floor":2},{"not_picked":["Genetic Algorithm","Hologram"],"picked":"Beam Cell","floor":4},{"not_picked":["Lockon","Cold Snap"],"picked":"Sunder","floor":5},{"not_picked":["Compile Driver","Melter"],"picked":"Reboot","floor":7},{"not_picked":["Static Discharge","Steam"],"picked":"Turbo","floor":8},{"not_picked":["Conserve Battery","Stack"],"picked":"Buffer","floor":14}],"player_experience":126731,"relics_obtained":[{"floor":7,"key":"Ginger"},{"floor":14,"key":"Blue Candle"}],"event_choices":[{"damage_healed":0,"gold_gain":0,"player_choice":"Lose Max HP","damage_taken":0,"relics_obtained":["Golden Idol"],"max_hp_gain":0,"max_hp_loss":7,"event_name":"Golden Idol","floor":3,"gold_loss":0},{"damage_healed":0,"gold_gain":61,"player_choice":"Gained Gold","damage_taken":0,"max_hp_gain":0,"max_hp_loss":0,"event_name":"Golden Wing","floor":11,"gold_loss":0},{"damage_healed":0,"gold_gain":0,"player_choice":"Grow","damage_taken":0,"max_hp_gain":0,"max_hp_loss":0,"event_name":"Living Wall","floor":13,"gold_loss":0,"cards_upgraded":["Streamline"]}],"is_beta":false,"boss_relics":[],"items_purged_floors":[],"is_endless":false,"potions_floor_spawned":[1,5,14],"killed_by":"Hexaghost","ascension_level":20,"potion_discard_per_floor":[[],[],[],[],[],[],[],[],[],[],[],[],[],[],[],[]]}