{"neow_bonuses_skipped_log":["UPGRADE_CARD","TRANSFORM_TWO_CARDS","BOSS_RELIC"],"neow_costs_skipped_log":["NONE","TEN_PERCENT_HP_LOSS","NONE"],"potions_obtained_entropic_brew":[[],[],[],[],[],[],[],[],[],[],[],[],[],[],[],[],[],[],[],[],[],[],[]],"gold_per_floor":[218,218,228,242,28,28,28,61,61,74,87,115,115,127,127,201,201,216,235,71,71,91,91],"floor_reached":23,"playtime":2281,"items_purged":["Strike_B"],"score":406,"play_id":"074d6d89-c10e-48cb-8062-5d020de4d7e5","local_time":"20240310120357","score_breakdown":["Floors Climbed (23): 115","Enemies Slain (9): 18","Exordium Elites Killed (2): 20","City Elites Killed (0): 0","Bosses Slain (1): 50","Ascension (20): 203"],"is_ascension_mode":true,"potions_obtained_alchemize":[[],[],[],[],[],[],[],[],[],[],[],[],[],[],[],[],[],[],[],[],[],[],[]],"campfire_choices":[{"data":"Beam Cell","floor":6.0,"key":"SMITH"},{"data":"Hologram","floor":13.0,"key":"SMITH"},{"data":"Streamline","floor":15.0,"key":"SMITH"}],"lesson_learned_per_floor":[[],[],[],[],[],[],[],[],[],[],[],[],[],[],[],[],[],[],[],[],[],[],[]],"neow_cost":"NONE","improvable_cards":{"Genetic Algorithm":[29]},"seed_source_timestamp":383232379128083,"shop_contents":[{"floor":5,"relics":["Dream Catcher","Pocketwatch"],"cards":["Go for the Eyes","Meteor Strike","Conserve Battery","Hello World","Deep Breath","Chrysalis"],"potions":["PotionOfCapacity","SneckoOil","SneckoOil"]},{"floor":20,"relics":["TungstenRod","Orichalcum","DollysMirror"],"cards":["Blizzard","Barrage","Redo","Storm","PanicButton","Secret Technique"],"potions":["LiquidMemories","FocusPotion","EssenceOfSteel"]}],"circlet_count":0,"master_deck":["AscendersBane","Strike_B","Strike_B","Strike_B","Defend_B","Defend_B+1","Defend_B","Zap+1","Dualcast","Genetic Algorithm","Beam Cell+1","Electrodynamics","Hologram+1","Echo Form","Coolheaded","Streamline+1","Rebound","Gash","Conserve Battery","Machine Learning","Self Repair","Glacier"],"special_seed":0,"potion_use_per_floor":[[],[],[],[],[],[],[],["SteroidPotion"],[],[],[],["FairyPotion"],[],[],[],[],[],[],["Ancient Potion"],[],[],["BlessingOfTheForge"],["Energy Potion"]],"relics":["Cracked Core","Cauldron","Tiny Chest","Shovel","Snecko Eye","NlothsMask"],"potions_floor_usage":[22,23],"damage_taken":[{"damage":7.0,"enemies":"Small Slimes","floor":1.0,"turns":3.0},{"damage":1.0,"enemies":"2 Louse","floor":3.0,"turns":3.0},{"damage":0.0,"enemies":"Cultist","floor":4.0,"turns":3.0},{"damage":20.0,"enemies":"3 Sentries","floor":8.0,"turns":3.0},{"damage":1.0,"enemies":"Exordium Wildlife","floor":10.0,"turns":4.0},{"damage":10.0,"enemies":"2 Fungi Beasts","floor":11.0,"turns":2.0},{"damage":20.0,"enemies":"Lagavulin","floor":12.0,"turns":6.0},{"damage":0.0,"enemies":"Looter","floor":14.0,"turns":4.0},{"damage":16.0,"enemies":"Hexaghost","floor":16.0,"turns":7.0},{"damage":7.0,"enemies":"Chosen","floor":18.0,"turns":5.0},{"damage":35.0,"enemies":"Shell Parasite","floor":19.0,"turns":6.0},{"damage":5,"enemies":"Cultist and Chosen","floor":22,"turns":8},{"damage":42,"enemies":"Book of Stabbing","floor":23,"turns":5}],"seed_played":"301496176325392730","neow_bonus_log":{"cardsObtained":[],"cardsUpgraded":[],"cardsRemoved":[],"cardsTransformed":[],"relicsObtained":[],"maxHpGained":0,"goldGained":100,"damageTaken":0,"goldLost":0,"maxHpLost":0},"potions_obtained":[{"floor":1.0,"key":"Ancient Potion"},{"floor":5.0,"key":"SteroidPotion"},{"floor":8.0,"key":"FairyPotion"},{"floor":12.0,"key":"BlessingOfTheForge"},{"floor":19.0,"key":"Energy Potion"}],"is_trial":false,"path_per_floor":["M","?","M","M","$","R","?","E","T","M","M","E","R","M","R","B",null,"M","M","$","?","M","E"],"character_chosen":"DEFECT","basemod:card_modifiers":[null,null,null,null,null,null,null,null,null,null,null,null,null,null,null,null,null,null,null,null,null,null],"items_purchased":["Cauldron","Hologram","Glacier"],"campfire_rested":0,"item_purchase_floors":[5,5,20],"current_hp_per_floor":[57,36,35,35,35,35,35,15,15,14,4,21,21,21,21,5,55,48,27,27,27,36,0],"gold":91,"neow_bonus":"HUNDRED_GOLD","is_prod":false,"is_daily":false,"rewards_skipped":[{"floor":5,"relics":[],"potions":["LiquidBronze","SkillPotion","LiquidMemories","LiquidMemories"]},{"floor":11,"relics":[],"potions":["LiquidBronze"]},{"floor":16,"relics":[],"potions":["ColorlessPotion"]}],"chose_seed":false,"campfire_upgraded":3,"win_rate":0,"floor_exit_playtime":[107,121,162,201,251,264,271,356,366,499,527,622,649,742,759,934,1214,1323,1456,1496,1511,1986],"timestamp":1710086637,"blue_key_relic_skipped_log":{"floor":9,"relicID":"CeramicFish"},"path_taken":["M","?","M","M","$","R","?","E","T","M","M","E","R","M","R","BOSS","M","M","$","?","M","E"],"build_version":"2022-12-01","purchased_purges":1,"victory":false,"max_hp_per_floor":[71,71,71,71,71,71,71,71,71,71,71,71,71,71,71,71,71,71,71,71,71,71,71],"relic_stats":{"Cauldron":1,"Shovel":0,"counters":[13,59],"Snecko Eye":[38,44,41,32,-68],"Tiny Chest":0,"obtain_stats":[{"Cauldron":5,"Shovel":12,"Snecko Eye":17,"Tiny Chest":8,"Cracked Core":0,"NlothsMask":21},{"Cauldron":3,"Shovel":7,"Snecko Eye":9,"Tiny Chest":4,"Cracked Core":0,"NlothsMask":11},{"Cauldron":9,"Shovel":24,"Snecko Eye":35,"Tiny Chest":12,"Cracked Core":0,"NlothsMask":46}]},"card_choices":[{"not_picked":["Turbo","Double Energy"],"picked":"Genetic Algorithm","floor":1.0},{"not_picked":["Barrage","Storm"],"picked":"Beam Cell","floor":3.0},{"not_picked":["Steam","Darkness"],"picked":"Electrodynamics","floor":4.0},{"not_picked":["Hologram","Reinforced Body"],"picked":"Coolheaded","floor":8.0},{"not_picked":["Aggregate","Rip and Tear"],"picked":"Streamline","floor":10.0},{"not_picked":["Aggregate","Beam Cell"],"picked":"Rebound","floor":11.0},{"not_picked":["Redo","Reboot"],"picked":"Gash","floor":12.0},{"not_picked":["BootSequence","Chill"],"picked":"Conserve Battery","floor":14.0},{"not_picked":["Electrodynamics","Amplify"],"picked":"Machine Learning","floor":16.0},{"not_picked":["FTL","Redo"],"picked":"Self Repair","floor":18.0},{"not_picked":["Go for the Eyes","Rebound","Ball Lightning"],"picked":"SKIP","floor":19.0},{"not_picked":["Leap+1","Gash","White Noise"],"picked":"SKIP","floor":22}],"player_experience":143911,"relics_obtained":[{"floor":8.0,"key":"Tiny Chest"},{"floor":12.0,"key":"Shovel"}],"event_choices":[{"damage_healed":0.0,"max_hp_gain":0.0,"max_hp_loss":0.0,"gold_gain":0.0,"event_name":"Shining Light","player_choice":"Entered Light","floor":2.0,"gold_loss":0.0,"damage_taken":21.0,"cards_upgraded":["Defend_B","Zap"]},{"damage_healed":0.0,"max_hp_gain":0.0,"max_hp_loss":0.0,"gold_gain":0.0,"cards_transformed":["Defend_B"],"event_name":"Transmorgrifier","player_choice":"Transformed","floor":7.0,"gold_loss":0.0,"damage_taken":0.0,"cards_obtained":["Echo Form"]},{"damage_healed":0.0,"max_hp_gain":0.0,"max_hp_loss":0.0,"gold_gain":0.0,"event_name":"FaceTrader","player_choice":"Trade","floor":21.0,"gold_loss":0.0,"damage_taken":0.0,"relics_obtained":["NlothsMask"]}],"is_beta":false,"boss_relics":[{"not_picked":["Busted Crown","Cursed Key"],"picked":"Snecko Eye"}],"items_purged_floors":[20],"is_endless":false,"potions_floor_spawned":[1,8,11,12,16,19],"killed_by":"Book of Stabbing","ascension_level":20,"potion_discard_per_floor":[[],[],[],[],[],[],[],[],[],[],[],[],[],[],[],[],[],[],[],[],[],[],[]]}