{"neow_bonuses_skipped_log":["TEN_PERCENT_HP_BONUS","TWENTY_PERCENT_HP_BONUS","BOSS_RELIC"],"neow_costs_skipped_log":["NONE","CURSE","NONE"],"potions_obtained_entropic_brew":[[],[],[],[],[],[],[],[],[],[],[],[],[],[],[],[],[],[],[],[],[]],"gold_per_floor":[111,17,29,29,40,68,68,86,86,113,113,133,133,150,150,226,226,245,260,275,275],"floor_reached":21,"playtime":1805,"items_purged":[],"score":486,"play_id":"e4849731-1104-4e05-af2f-447606e8c96b","local_time":"20240314144709","score_breakdown":["Floors Climbed (21): 105","Enemies Slain (9): 18","Exordium Elites Killed (2): 20","City Elites Killed (0): 0","Bosses Slain (1): 50","Perfect (1): 50","Ascension (20): 243"],"is_ascension_mode":true,"potions_obtained_alchemize":[[],[],[],[],[],[],[],[],[],[],[],[],[],[],[],[],[],[],[],[],[]],"campfire_choices":[{"floor":7,"key":"REST"},{"data":"Zap","floor":11,"key":"SMITH"},{"floor":13,"key":"REST"},{"floor":15,"key":"REST"}],"lesson_learned_per_floor":[[],[],[],[],[],[],[],[],[],[],[],[],[],[],[],[],[],[],[],[],[]],"neow_cost":"NONE","improvable_cards":{},"seed_source_timestamp":129720476969042,"shop_contents":[{"floor":2,"relics":["Nunchaku","Matryoshka","ClockworkSouvenir"],"cards":["Beam Cell","Undo","Skim","Storm","Purity","HandOfGreed"],"potions":["EntropicBrew","SkillPotion"]}],"circlet_count":0,"master_deck":["AscendersBane","Strike_B","Strike_B","Strike_B+1","Defend_B","Defend_B","Defend_B","Defend_B","Zap+1","Dualcast","Melter+1","Lockon","Rebound","Beam Cell","All For One","Streamline","Aggregate","Gash","Gash","Meteor Strike","Static Discharge+1","Recycle","Self Repair+1"],"special_seed":0,"potion_use_per_floor":[[],[],[],[],[],["AttackPotion"],[],[],[],["PowerPotion"],[],[],[],[],[],[],[],["AttackPotion"],[],["SkillPotion"],[]],"relics":["Cracked Core","Pen Nib","Frozen Egg 2","Ice Cream","SacredBark"],"potions_floor_usage":[6,10,18,20],"damage_taken":[{"damage":0.0,"enemies":"2 Louse","floor":1.0,"turns":2.0},{"damage":7.0,"enemies":"Small Slimes","floor":3.0,"turns":4.0},{"damage":4,"enemies":"Jaw Worm","floor":5,"turns":4},{"damage":15,"enemies":"3 Sentries","floor":6,"turns":5},{"damage":0,"enemies":"2 Fungi Beasts","floor":8,"turns":2},{"damage":15,"enemies":"Lagavulin","floor":10,"turns":5},{"damage":14,"enemies":"3 Louse","floor":12,"turns":2},{"damage":6,"enemies":"Exordium Thugs","floor":14,"turns":3},{"damage":0,"enemies":"Slime Boss","floor":16,"turns":4},{"damage":6,"enemies":"3 Byrds","floor":18,"turns":4},{"damage":8,"enemies":"Chosen","floor":19,"turns":5},{"damage":16,"enemies":"Snake Plant","floor":20,"turns":3},{"damage":39,"enemies":"Chosen and Byrds","floor":21,"turns":5}],"seed_played":"-8977579087688169428","neow_bonus_log":{"cardsObtained":[],"cardsUpgraded":[],"cardsRemoved":["Strike_B"],"cardsTransformed":[],"relicsObtained":[],"maxHpGained":0,"goldGained":0,"damageTaken":0,"goldLost":0,"maxHpLost":0},"potions_obtained":[{"floor":5,"key":"Energy Potion"},{"floor":8,"key":"PowerPotion"},{"floor":12,"key":"Energy Potion"},{"floor":14,"key":"AttackPotion"},{"floor":19,"key":"SkillPotion"}],"is_trial":false,"path_per_floor":["M","$","M","?","M","E","R","M","T","E","R","M","R","M","R","B",null,"M","M","M","M"],"character_chosen":"DEFECT","basemod:card_modifiers":[null,null,null,null,null,null,null,null,null,null,null,null,null,null,null,null,null,null,null,null,null,null,null],"items_purchased":["AttackPotion","Lockon"],"campfire_rested":3,"item_purchase_floors":[2,2],"current_hp_per_floor":[64,64,57,36,32,17,38,38,38,23,23,9,30,24,45,45,65,59,51,35,0],"gold":275,"neow_bonus":"REMOVE_CARD","is_prod":false,"is_daily":false,"rewards_skipped":[{"floor":16,"relics":[],"potions":["SpeedPotion"]}],"chose_seed":false,"campfire_upgraded":1,"win_rate":0,"floor_exit_playtime":[276,340,373,386,443,559,567,613,618,772,787,872,902,979,1009,1136,1263,1472,1552,1673],"timestamp":1710442029,"path_taken":["M","$","M","?","M","E","R","M","T","E","R","?","R","M","R","BOSS","M","M","?","M"],"build_version":"2022-12-01","purchased_purges":0,"victory":false,"max_hp_per_floor":[71,71,71,71,71,71,71,71,71,71,71,71,71,71,71,71,71,71,71,71,71],"relic_stats":{"Ice Cream":[24],"counters":[13,48],"Pen Nib":[7],"obtain_stats":[{"Ice Cream":10,"SacredBark":17,"Pen Nib":6,"Frozen Egg 2":9,"Cracked Core":0},{"Ice Cream":6,"SacredBark":9,"Pen Nib":4,"Frozen Egg 2":5,"Cracked Core":0},{"Ice Cream":22,"SacredBark":31,"Pen Nib":15,"Frozen Egg 2":17,"Cracked Core":0}]},"card_choices":[{"not_picked":["Steam Power","Leap"],"picked":"Melter","floor":1.0},{"not_picked":["Leap","Steam"],"picked":"Rebound","floor":3.0},{"not_picked":["Compile Driver","Redo"],"picked":"Beam Cell","floor":5},{"not_picked":["Conserve Battery","Rip and Tear"],"picked":"All For One","floor":6},{"not_picked":["Rip and Tear","Rebound"],"picked":"Streamline","floor":8},{"not_picked":["Leap","Rip and Tear"],"picked":"Aggregate","floor":10},{"not_picked":["Scrape","Capacitor+1"],"picked":"Gash","floor":12},{"not_picked":["Defragment+1","Redo"],"picked":"Gash","floor":14},{"not_picked":["Core Surge","Buffer+1"],"picked":"Meteor Strike","floor":16},{"not_picked":["Streamline","Beam Cell"],"picked":"Static Discharge+1","floor":18},{"not_picked":["Turbo","Barrage"],"picked":"Recycle","floor":19},{"not_picked":["Compile Driver","Storm+1"],"picked":"Self Repair+1","floor":20}],"player_experience":125508,"relics_obtained":[{"floor":6,"key":"Pen Nib"},{"floor":9,"key":"Frozen Egg 2"},{"floor":10,"key":"Ice Cream"}],"event_choices":[{"damage_healed":0.0,"max_hp_gain":0.0,"max_hp_loss":0.0,"gold_gain":0.0,"event_name":"Shining Light","player_choice":"Entered Light","floor":4.0,"gold_loss":0.0,"damage_taken":21.0,"cards_upgraded":["Melter","Strike_B"]}],"is_beta":false,"boss_relics":[{"not_picked":["Black Star","Calling Bell"],"picked":"SacredBark"}],"items_purged_floors":[],"is_endless":false,"potions_floor_spawned":[5,8,12,14,16,19],"killed_by":"Chosen and Byrds","ascension_level":20,"potion_discard_per_floor":[[],[],[],[],[],[],[],[],[],[],[],[],[],["Energy Potion"],[],[],[],[],[],[],[]]}