{"neow_bonuses_skipped_log":["THREE_CARDS","RANDOM_COLORLESS_2","BOSS_RELIC"],"neow_costs_skipped_log":["NONE","PERCENT_DAMAGE","NONE"],"potions_obtained_entropic_brew":[[],[],[],[],[],[],[],[],[],[],[],[],[],[],[],[],[],[],[],[],[],[],[],[],[],[],[],[]],"gold_per_floor":[214,225,237,237,18,47,47,78,104,104,137,137,151,164,164,239,239,260,109,152,163,88,97,120,159,159,183,183],"floor_reached":28,"playtime":2377,"items_purged":["Defend_B"],"score":566,"play_id":"f8f3e345-a4bc-4370-80c1-ab19aab19da4","local_time":"20240320143453","score_breakdown":["Floors Climbed (28): 140","Enemies Slain (9): 18","Exordium Elites Killed (3): 30","City Elites Killed (1): 20","Bosses Slain (1): 50","Champion (1): 25","Ascension (20): 283"],"is_ascension_mode":true,"potions_obtained_alchemize":[[],[],[],[],[],[],[],[],[],[],[],[],[],[],[],[],[],[],[],[],[],[],[],[],[],[],[],[]],"campfire_choices":[{"data":"Zap","floor":7.0,"key":"SMITH"},{"floor":10.0,"key":"REST"},{"data":"Doom and Gloom","floor":12,"key":"SMITH"},{"floor":15,"key":"REST"},{"floor":23,"key":"REST"}],"lesson_learned_per_floor":[[],[],[],[],[],[],[],[],[],[],[],[],[],[],[],[],[],[],[],[],[],[],[],[],[],[],[],[]],"neow_cost":"NONE","improvable_cards":{"Genetic Algorithm+1":[13]},"seed_source_timestamp":140607880163667,"shop_contents":[{"floor":5,"relics":["Lizard Tail","White Beast Statue","Toolbox"],"cards":["BootSequence","Conserve Battery","Static Discharge","Trip","Violence"],"potions":["DuplicationPotion"]},{"floor":19,"relics":["Tiny Chest","Girya","Medical Kit"],"cards":["Streamline","Hyperbeam","Conserve Battery+1","Stack+1","Swift Strike","Mayhem"],"potions":["SneckoOil","Explosive Potion","SpeedPotion"]}],"circlet_count":0,"master_deck":["AscendersBane","Strike_B","Strike_B","Defend_B","Defend_B","Defend_B","Zap+1","Dualcast","Rebound","Beam Cell","Doom and Gloom+1","Ball Lightning","Cold Snap","Aggregate+1","Redo+1","Hologram+1","Heatsinks","Reinforced Body+1","White Noise+1","Reboot+1","CurseOfTheBell","Compile Driver","Heatsinks","Recycle+1","Genetic Algorithm+1","White Noise+1","Compile Driver","Core Surge"],"special_seed":0,"potion_use_per_floor":[[],[],[],[],[],["Swift Potion"],[],["Explosive Potion"],[],[],["Regen Potion"],[],["SteroidPotion"],[],[],[],[],[],[],["GamblersBrew","DuplicationPotion"],[],[],[],["FairyPotion"],[],[],[],["Energy Potion"]],"relics":["Cracked Core","Toxic Egg 2","Vajra","Dream Catcher","Gambling Chip","Calling Bell","CeramicFish","Pantograph","Shovel","Red Mask","Omamori","Regal Pillow"],"potions_floor_usage":[11,13,20,20,28],"damage_taken":[{"damage":1.0,"enemies":"Cultist","floor":1.0,"turns":3.0},{"damage":7.0,"enemies":"Jaw Worm","floor":2.0,"turns":3.0},{"damage":7.0,"enemies":"2 Louse","floor":3.0,"turns":2.0},{"damage":8.0,"enemies":"Gremlin Nob","floor":6.0,"turns":3.0},{"damage":20.0,"enemies":"3 Sentries","floor":8.0,"turns":3.0},{"damage":6,"enemies":"Gremlin Nob","floor":11,"turns":3},{"damage":21,"enemies":"Exordium Thugs","floor":13,"turns":4},{"damage":4,"enemies":"Exordium Wildlife","floor":14,"turns":3},{"damage":5,"enemies":"The Guardian","floor":16,"turns":12},{"damage":23,"enemies":"Shell Parasite","floor":18,"turns":4},{"damage":5,"enemies":"Masked Bandits","floor":20,"turns":2},{"damage":4,"enemies":"Spheric Guardian","floor":21,"turns":3},{"damage":66,"enemies":"Cultist and Chosen","floor":24,"turns":6},{"damage":0,"enemies":"Gremlin Leader","floor":25,"turns":5},{"damage":20,"enemies":"Snake Plant","floor":27,"turns":6},{"damage":9,"enemies":"Shelled Parasite and Fungi","floor":28,"turns":2}],"green_key_taken_log":11,"seed_played":"-3158836733016055436","neow_bonus_log":{"cardsObtained":[],"cardsUpgraded":[],"cardsRemoved":[],"cardsTransformed":[],"relicsObtained":[],"maxHpGained":0,"goldGained":100,"damageTaken":0,"goldLost":0,"maxHpLost":0},"potions_obtained":[{"floor":3.0,"key":"PotionOfCapacity"},{"floor":8.0,"key":"Regen Potion"},{"floor":11,"key":"SteroidPotion"},{"floor":14,"key":"DuplicationPotion"},{"floor":18,"key":"GamblersBrew"},{"floor":21,"key":"FairyPotion"},{"floor":25,"key":"Energy Potion"}],"is_trial":false,"path_per_floor":["M","M","M","?","$","E","R","E","T","R","E","R","M","M","R","B",null,"M","$","?","M","?","R","M","E","T","M","M"],"character_chosen":"DEFECT","basemod:card_modifiers":[null,null,null,null,null,null,null,null,null,null,null,null,null,null,null,null,null,null,null,null,null,null,null,null,null,null,null,null],"items_purchased":["Ball Lightning","Cold Snap","Swift Potion","Explosive Potion","Heatsinks"],"campfire_rested":3,"item_purchase_floors":[5,5,5,5,19],"current_hp_per_floor":[63,56,49,49,49,41,41,21,21,42,45,45,24,20,41,36,62,39,39,34,30,30,51,21,21,21,1,0],"gold":183,"neow_bonus":"HUNDRED_GOLD","is_prod":false,"is_daily":false,"rewards_skipped":[],"chose_seed":false,"campfire_upgraded":2,"win_rate":0,"floor_exit_playtime":[232,262,294,302,385,442,466,593,596,604,706,717,822,940,954,1208,1543,1663,1722,1816,1896,1909,1923,2059,2158,2172,2311],"timestamp":1710959693,"path_taken":["M","?","M","?","$","E","R","E","T","R","E","R","?","M","R","BOSS","M","$","?","M","?","R","M","E","T","M","M"],"build_version":"2022-12-01","purchased_purges":1,"victory":false,"max_hp_per_floor":[71,71,71,71,71,71,71,71,71,71,71,71,71,71,71,71,71,71,71,71,71,71,71,71,71,71,71,71],"relic_stats":{"Dream Catcher":3,"Regal Pillow":0,"Shovel":0,"counters":[16,64],"Gambling Chip":[40],"CeramicFish":63,"Pantograph":0,"Omamori":0,"obtain_stats":[{"Calling Bell":17,"Dream Catcher":9,"Regal Pillow":26,"Shovel":17,"Gambling Chip":11,"CeramicFish":17,"Pantograph":17,"Vajra":8,"Red Mask":20,"Omamori":25,"Toxic Egg 2":6,"Cracked Core":0},{"Calling Bell":9,"Dream Catcher":5,"Regal Pillow":14,"Shovel":9,"Gambling Chip":6,"CeramicFish":9,"Pantograph":9,"Vajra":5,"Red Mask":11,"Omamori":14,"Toxic Egg 2":4,"Cracked Core":0},{"Calling Bell":36,"Dream Catcher":14,"Regal Pillow":56,"Shovel":36,"Gambling Chip":17,"CeramicFish":36,"Pantograph":36,"Vajra":14,"Red Mask":42,"Omamori":56,"Toxic Egg 2":11,"Cracked Core":0}]},"card_choices":[{"not_picked":["Stack","Barrage"],"picked":"Rebound","floor":1.0},{"not_picked":["Loop","Aggregate"],"picked":"Beam Cell","floor":2.0},{"not_picked":["Streamline","Beam Cell"],"picked":"Doom and Gloom","floor":3.0},{"not_picked":["Cold Snap","Go for the Eyes"],"picked":"Aggregate+1","floor":6.0},{"not_picked":["Steam+1","Conserve Battery+1"],"picked":"Redo+1","floor":8.0},{"not_picked":["Go for the Eyes","Turbo+1"],"picked":"Hologram+1","floor":10.0},{"not_picked":["Melter","Creative AI"],"picked":"Heatsinks","floor":11},{"not_picked":["Go for the Eyes","Compile Driver"],"picked":"Reinforced Body+1","floor":13},{"not_picked":["Redo+1","Sunder","Leap+1"],"picked":"SKIP","floor":14},{"not_picked":["Cold Snap","Auto Shields+1"],"picked":"White Noise+1","floor":15},{"not_picked":["Rainbow+1","Amplify+1"],"picked":"Reboot+1","floor":16},{"not_picked":["Sunder+1","Steam+1"],"picked":"Compile Driver","floor":18},{"not_picked":["Loop","Go for the Eyes"],"picked":"Recycle+1","floor":20},{"not_picked":["Rip and Tear","Ball Lightning","Darkness+1"],"picked":"SKIP","floor":21},{"not_picked":["Hologram+1","Force Field+1"],"picked":"Genetic Algorithm+1","floor":23},{"not_picked":["Redo+1","Leap+1"],"picked":"White Noise+1","floor":24},{"not_picked":["Hologram+1","Conserve Battery+1"],"picked":"Compile Driver","floor":25},{"not_picked":["Doom and Gloom","Turbo+1"],"picked":"Core Surge","floor":27}],"player_experience":122751,"relics_obtained":[{"floor":6.0,"key":"Toxic Egg 2"},{"floor":8.0,"key":"Vajra"},{"floor":9.0,"key":"Dream Catcher"},{"floor":11,"key":"Gambling Chip"},{"floor":17,"key":"CeramicFish"},{"floor":17,"key":"Pantograph"},{"floor":17,"key":"Shovel"},{"floor":20,"key":"Red Mask"},{"floor":25,"key":"Omamori"},{"floor":26,"key":"Regal Pillow"}],"event_choices":[{"cards_removed":["Strike_B"],"damage_healed":0.0,"max_hp_gain":0.0,"max_hp_loss":0.0,"gold_gain":0.0,"event_name":"Purifier","player_choice":"Purged","floor":4.0,"gold_loss":0.0,"damage_taken":0.0},{"damage_healed":0,"gold_gain":0,"player_choice":"Fought Bandits","damage_taken":0,"max_hp_gain":0,"max_hp_loss":0,"event_name":"Masked Bandits","floor":20,"gold_loss":0},{"cards_removed":["Strike_B"],"damage_healed":0,"gold_gain":0,"player_choice":"Gave Gold","damage_taken":0,"max_hp_gain":0,"max_hp_loss":0,"event_name":"Beggar","floor":22,"gold_loss":75}],"is_beta":false,"boss_relics":[{"not_picked":["SlaversCollar","Snecko Eye"],"picked":"Calling Bell"}],"items_purged_floors":[19],"is_endless":false,"potions_floor_spawned":[3,8,11,14,18,21,25],"killed_by":"Shelled Parasite and Fungi","ascension_level":20,"potion_discard_per_floor":[[],[],[],[],["PotionOfCapacity"],[],[],[],[],[],[],[],[],[],[],[],[],[],[],[],[],[],[],[],[],[],[],[]]}