{"neow_bonuses_skipped_log":["THREE_CARDS","RANDOM_COMMON_RELIC","BOSS_RELIC"],"neow_costs_skipped_log":["NONE","NONE","NONE"],"potions_obtained_entropic_brew":[[],[],[],[],[],[],[],[],[],[],[],[],[],[],[],[],[],[],[],[],[],[],[],[],[],[],[],[],[],[],[],[],[],[],[],[],[],[],[],[],[],[]],"gold_per_floor":[20,38,56,70,80,108,121,121,202,202,229,302,314,355,367,457,469,498,524,536,562,249,249,265,299,299,399,399,412,30,42,42,116,116,130,130,42,42,92,125,135,135],"floor_reached":42,"playtime":4260,"items_purged":["Defend_B","Strike_B"],"score":1136,"play_id":"5ec94dfd-ea7b-46d6-83fa-579f853a27f4","local_time":"20240323020934","score_breakdown":["Floors Climbed (42): 210","Enemies Slain (14): 28","Exordium Elites Killed (3): 30","City Elites Killed (1): 20","Beyond Elites Killed (1): 30","Bosses Slain (2): 150","Champion (1): 25","Perfect (1): 50","Overkill: 25","Ascension (20): 568"],"is_ascension_mode":true,"potions_obtained_alchemize":[[],[],[],[],[],[],[],[],[],[],[],[],[],[],[],[],[],[],[],[],[],[],[],[],[],[],[],[],[],[],[],[],[],[],[],[],[],[],[],[],[],[]],"campfire_choices":[{"data":"Biased Cognition","floor":8.0,"key":"SMITH"},{"floor":10.0,"key":"REST"},{"data":"Zap","floor":15.0,"key":"SMITH"},{"floor":23,"key":"REST"},{"data":"Defragment","floor":28,"key":"SMITH"},{"data":"Hologram","floor":32,"key":"SMITH"}],"lesson_learned_per_floor":[[],[],[],[],[],[],[],[],[],[],[],[],[],[],[],[],[],[],[],[],[],[],[],[],[],[],[],[],[],[],[],[],[],[],[],[],[],[],[],[],[],[]],"neow_cost":"NO_GOLD","improvable_cards":{},"seed_source_timestamp":0,"shop_contents":[{"floor":22,"relics":["Bag of Marbles","PrismaticShard"],"cards":["Lockon","Rebound","Leap","Loop","Finesse","Secret Weapon"],"potions":["GamblersBrew","Dexterity Potion","SpeedPotion"]},{"floor":30,"relics":["Matryoshka","TheAbacus"],"cards":["FTL","Rip and Tear","Redo","Hologram","Creative AI+1","Mind Blast","Secret Technique"],"potions":["Regen Potion","Explosive Potion","Energy Potion"]},{"floor":37,"relics":["Lantern","Singing Bowl","HandDrill"],"cards":["Sunder","Lockon","Leap","BootSequence","Mind Blast","Master of Strategy"],"potions":["Strength Potion","SpeedPotion","DuplicationPotion"]}],"circlet_count":0,"master_deck":["AscendersBane","Strike_B+1","Strike_B","Defend_B","Defend_B","Zap+1","Dualcast","Biased Cognition+1","Hologram+1","BootSequence","Scrape","Sweeping Beam","Core Surge","Cold Snap","Reinforced Body","Loop","Electrodynamics","Compile Driver","Defragment+1","Force Field","Chill","Compile Driver+1","Recycle","Skim","Fission","Double Energy+1","Biased Cognition+1","Self Repair+1","Madness","Madness","Hologram"],"special_seed":0,"potion_use_per_floor":[[],[],[],[],[],["AttackPotion"],[],[],[],[],["LiquidMemories"],["Regen Potion"],[],["SpeedPotion"],[],[],[],["ColorlessPotion"],[],[],[],[],[],["CultistPotion"],["DistilledChaos"],[],["SkillPotion"],[],[],[],[],[],[],[],["GamblersBrew"],[],[],[],[],["Strength Potion"],[],["Dexterity Potion"]],"relics":["Cracked Core","Nunchaku","Art of War","SlaversCollar","Symbiotic Virus","MawBank","Thread and Needle","Blue Candle","Whetstone","Bronze Scales","Du-Vu Doll","Eternal Feather","Frozen Egg 2","Black Star","DataDisk","Juzu Bracelet"],"potions_floor_usage":[18,24,25,27,35,40,42],"damage_taken":[{"damage":12.0,"enemies":"Jaw Worm","floor":1.0,"turns":3.0},{"damage":8.0,"enemies":"Small Slimes","floor":2.0,"turns":3.0},{"damage":0.0,"enemies":"Cultist","floor":3.0,"turns":2.0},{"damage":0.0,"enemies":"Red Slaver","floor":4.0,"turns":3.0},{"damage":7.0,"enemies":"Large Slime","floor":5.0,"turns":5.0},{"damage":30.0,"enemies":"Lagavulin","floor":6.0,"turns":6.0},{"damage":0.0,"enemies":"2 Fungi Beasts","floor":7.0,"turns":2.0},{"damage":15.0,"enemies":"3 Sentries","floor":11.0,"turns":4.0},{"damage":3.0,"enemies":"3 Sentries","floor":12.0,"turns":6.0},{"damage":9.0,"enemies":"Lagavulin","floor":14.0,"turns":5.0},{"damage":14.0,"enemies":"Hexaghost","floor":16.0,"turns":8.0},{"damage":7,"enemies":"Spheric Guardian","floor":18,"turns":3},{"damage":0,"enemies":"Chosen","floor":19,"turns":3},{"damage":15,"enemies":"Snake Plant","floor":21,"turns":4},{"damage":3,"enemies":"Chosen and Byrds","floor":24,"turns":5},{"damage":0,"enemies":"Book of Stabbing","floor":25,"turns":4},{"damage":0,"enemies":"Colosseum Slavers","floor":27,"turns":3},{"damage":0,"enemies":"Colosseum Nobs","floor":27,"turns":4},{"damage":0,"enemies":"Centurion and Healer","floor":29,"turns":3},{"damage":47,"enemies":"Shelled Parasite and Fungi","floor":31,"turns":5},{"damage":0,"enemies":"Champ","floor":33,"turns":10},{"damage":3,"enemies":"Orb Walker","floor":35,"turns":3},{"damage":15,"enemies":"Reptomancer","floor":40,"turns":9},{"damage":0,"enemies":"3 Shapes","floor":41,"turns":5},{"damage":57,"enemies":"Giant Head","floor":42,"turns":7}],"green_key_taken_log":40,"seed_played":"3517334616055067717","neow_bonus_log":{"cardsObtained":[],"cardsUpgraded":[],"cardsRemoved":[],"cardsTransformed":[],"relicsObtained":[],"maxHpGained":0,"goldGained":0,"damageTaken":0,"goldLost":99,"maxHpLost":0},"potions_obtained":[{"floor":3.0,"key":"AttackPotion"},{"floor":4.0,"key":"CultistPotion"},{"floor":5.0,"key":"LiquidMemories"},{"floor":11.0,"key":"Regen Potion"},{"floor":12.0,"key":"SpeedPotion"},{"floor":14.0,"key":"ColorlessPotion"},{"floor":16.0,"key":"CultistPotion"},{"floor":21,"key":"DistilledChaos"},{"floor":25,"key":"SkillPotion"},{"floor":31,"key":"GamblersBrew"},{"floor":33,"key":"Strength Potion"},{"floor":41,"key":"Dexterity Potion"}],"is_trial":false,"path_per_floor":["M","M","M","M","M","E","M","R","T","R","E","?","?","E","R","B",null,"M","M","?","M","$","R","M","E","T","?","R","M","$","M","R","B",null,"M","?","$","?","?","E","M","E"],"character_chosen":"DEFECT","basemod:card_modifiers":[null,null,null,null,null,null,null,null,null,null,null,null,null,null,null,null,null,null,null,null,null,null,null,null,null,null,null,null,null,null,null],"items_purchased":["Art of War","Force Field","Frozen Egg 2","Self Repair+1"],"campfire_rested":2,"item_purchase_floors":[22,22,30,37],"current_hp_per_floor":[52,44,44,44,37,7,7,7,7,28,13,25,25,16,16,2,54,47,47,47,32,32,53,50,50,50,50,62,62,62,15,27,27,60,57,57,57,44,44,39,49,0],"gold":135,"neow_bonus":"THREE_RARE_CARDS","is_prod":false,"is_daily":false,"rewards_skipped":[],"chose_seed":false,"campfire_upgraded":4,"win_rate":0,"floor_exit_playtime":[191,243,316,369,491,622,655,674,678,682,783,953,975,1100,1142,1277,1346,1507,1624,1653,1775,1876,1884,2048,2194,2205,2437,2446,2530,2632,2758,2772,3143,3225,3363,3396,3412,3428,3438,3752,3930],"timestamp":1711174174,"path_taken":["M","M","M","M","M","E","M","R","T","R","E","?","?","E","R","BOSS","M","M","?","M","$","R","M","E","T","?","R","M","$","M","R","BOSS","M","?","$","?","?","E","M","E"],"build_version":"2022-12-01","purchased_purges":2,"victory":false,"max_hp_per_floor":[71,71,71,71,71,71,71,71,71,71,71,71,71,71,71,71,71,71,71,71,71,71,71,71,71,71,71,71,71,71,71,71,71,71,71,71,71,71,71,71,71,71],"relic_stats":{"Nunchaku":[15],"counters":[25,113],"Blue Candle":[0],"Bronze Scales":[105],"Eternal Feather":24,"Art of War":[7],"Black Star":1,"Juzu Bracelet":0,"Whetstone":["Strike_B","Compile Driver"],"MawBank":132,"obtain_stats":[{"Blue Candle":14,"Thread and Needle":12,"Eternal Feather":27,"Juzu Bracelet":40,"Whetstone":25,"Frozen Egg 2":30,"MawBank":11,"Du-Vu Doll":27,"SlaversCollar":17,"Nunchaku":6,"DataDisk":40,"Bronze Scales":26,"Art of War":22,"Black Star":34,"Cracked Core":0,"Symbiotic Virus":9},{"Blue Candle":10,"Thread and Needle":9,"Eternal Feather":18,"Juzu Bracelet":23,"Whetstone":16,"Frozen Egg 2":19,"MawBank":8,"Du-Vu Doll":18,"SlaversCollar":11,"Nunchaku":6,"DataDisk":23,"Bronze Scales":16,"Art of War":14,"Black Star":21,"Cracked Core":0,"Symbiotic Virus":7},{"Blue Candle":39,"Thread and Needle":34,"Eternal Feather":71,"Juzu Bracelet":101,"Whetstone":65,"Frozen Egg 2":74,"MawBank":28,"Du-Vu Doll":71,"SlaversCollar":46,"Nunchaku":22,"DataDisk":101,"Bronze Scales":65,"Art of War":56,"Black Star":89,"Cracked Core":0,"Symbiotic Virus":24}]},"card_choices":[{"not_picked":["Fission","Rainbow"],"picked":"Biased Cognition","floor":0.0},{"not_picked":["Gash","Barrage"],"picked":"Hologram","floor":1.0},{"not_picked":["Stack","Go for the Eyes"],"picked":"BootSequence","floor":2.0},{"not_picked":["Go for the Eyes","Gash"],"picked":"Scrape","floor":3.0},{"not_picked":["Static Discharge","Conserve Battery","Hologram"],"picked":"SKIP","floor":4.0},{"not_picked":["Thunder Strike","Go for the Eyes"],"picked":"Sweeping Beam","floor":5.0},{"not_picked":["Conserve Battery","Compile Driver"],"picked":"Core Surge","floor":6.0},{"not_picked":["Sweeping Beam","Beam Cell"],"picked":"Cold Snap","floor":7.0},{"not_picked":["BootSequence","Redo","Double Energy"],"picked":"SKIP","floor":11.0},{"not_picked":["BootSequence","Steam"],"picked":"Reinforced Body","floor":12.0},{"not_picked":["Barrage","Chaos"],"picked":"Loop","floor":14.0},{"not_picked":["Core Surge","Machine Learning"],"picked":"Electrodynamics","floor":16.0},{"not_picked":["Cold Snap","Sweeping Beam"],"picked":"Compile Driver","floor":18},{"not_picked":["Undo","White Noise","Barrage"],"picked":"SKIP","floor":19},{"not_picked":["Coolheaded","Leap"],"picked":"Defragment","floor":21},{"not_picked":["Steam","Redo"],"picked":"Chill","floor":24},{"not_picked":["Amplify","Beam Cell+1"],"picked":"Compile Driver","floor":25},{"not_picked":["Sweeping Beam","Gash","Turbo"],"picked":"SKIP","floor":27},{"not_picked":["Hologram+1","Cold Snap"],"picked":"Recycle","floor":29},{"not_picked":["FTL","Compile Driver+1"],"picked":"Skim","floor":31},{"not_picked":["Biased Cognition+1","Meteor Strike"],"picked":"Fission","floor":33},{"not_picked":["Sweeping Beam","Tempest"],"picked":"Double Energy+1","floor":35},{"not_picked":["Steam","Gash+1"],"picked":"Hologram","floor":40},{"not_picked":["Rip and Tear","Gash","Reprogram"],"picked":"SKIP","floor":41}],"player_experience":134870,"relics_obtained":[{"floor":6.0,"key":"Nunchaku"},{"floor":9.0,"key":"Symbiotic Virus"},{"floor":11.0,"key":"MawBank"},{"floor":12.0,"key":"Thread and Needle"},{"floor":14.0,"key":"Blue Candle"},{"floor":25,"key":"Whetstone"},{"floor":26,"key":"Bronze Scales"},{"floor":27,"key":"Du-Vu Doll"},{"floor":27,"key":"Eternal Feather"},{"floor":40,"key":"DataDisk"},{"floor":40,"key":"Juzu Bracelet"}],"event_choices":[{"damage_healed":0.0,"max_hp_gain":0.0,"max_hp_loss":0.0,"gold_gain":0.0,"event_name":"Dead Adventurer","player_choice":"Searched \u00272\u0027 times","floor":12.0,"gold_loss":0.0,"damage_taken":0.0},{"cards_removed":["Defend_B"],"damage_healed":0.0,"max_hp_gain":0.0,"max_hp_loss":0.0,"gold_gain":0.0,"event_name":"Living Wall","player_choice":"Forget","floor":13.0,"gold_loss":0.0,"damage_taken":0.0},{"cards_removed":["Strike_B"],"damage_healed":0,"gold_gain":0,"player_choice":"Purged","damage_taken":0,"max_hp_gain":0,"max_hp_loss":0,"event_name":"Purifier","floor":20,"gold_loss":0},{"damage_healed":0,"gold_gain":0,"player_choice":"Fight","damage_taken":0,"max_hp_gain":0,"max_hp_loss":0,"event_name":"Colosseum","floor":27,"gold_loss":0},{"damage_healed":0,"gold_gain":0,"player_choice":"Fought Nobs","damage_taken":0,"max_hp_gain":0,"max_hp_loss":0,"event_name":"Colosseum","floor":27,"gold_loss":0},{"damage_healed":0,"gold_gain":0,"player_choice":"Copied","damage_taken":0,"max_hp_gain":0,"max_hp_loss":0,"event_name":"Duplicator","floor":36,"gold_loss":0,"cards_obtained":["Biased Cognition"]},{"damage_healed":0,"gold_gain":0,"player_choice":"Embrace Madness","damage_taken":13,"max_hp_gain":0,"max_hp_loss":0,"event_name":"Winding Halls","floor":38,"gold_loss":0,"cards_obtained":["Madness","Madness"]},{"damage_healed":0,"gold_gain":50,"player_choice":"Pray","damage_taken":0,"max_hp_gain":0,"max_hp_loss":0,"event_name":"Golden Shrine","floor":39,"gold_loss":0}],"is_beta":false,"boss_relics":[{"not_picked":["Calling Bell","Ectoplasm"],"picked":"SlaversCollar"},{"not_picked":["Runic Dome","Nuclear Battery"],"picked":"Black Star"}],"items_purged_floors":[22,30],"is_endless":false,"potions_floor_spawned":[3,4,5,11,12,14,16,21,25,27,31,33,41],"killed_by":"Giant Head","ascension_level":20,"potion_discard_per_floor":[[],[],[],[],["CultistPotion"],[],[],[],[],[],[],[],[],[],[],[],[],[],[],[],[],[],[],[],[],[],[],[],[],[],[],[],[],[],[],[],[],[],[],[],[],[]]}