{"neow_bonuses_skipped_log":["TRANSFORM_CARD","RANDOM_COMMON_RELIC","BOSS_RELIC"],"potions_obtained_entropic_brew":[[],[],[],[],[],[],[],[],[],[],[],[],[],[],[],[],[],[],[],[],[],[],[],[]],"neow_costs_skipped_log":["NONE","NONE","NONE"],"gold_per_floor":[364,364,8,22,41,67,67,82,82,100,100,100,127,147,147,224,224,242,292,292,217,56,91,91],"floor_reached":24,"playtime":1576,"items_purged":["Strike_B"],"score":452,"play_id":"4d68d603-245f-496b-ae60-7484648991a5","local_time":"20240321111916","score_breakdown":["Floors Climbed (24): 120","Enemies Slain (8): 16","Exordium Elites Killed (2): 20","City Elites Killed (1): 20","Bosses Slain (1): 50","Ascension (20): 226"],"is_ascension_mode":true,"potions_obtained_alchemize":[[],[],[],[],[],[],[],[],[],[],[],[],[],[],[],[],[],[],[],[],[],[],[],[]],"campfire_choices":[{"floor":7,"key":"REST"},{"floor":11,"key":"REST"},{"data":"Doom and Gloom","floor":15,"key":"SMITH"}],"lesson_learned_per_floor":[[],[],[],[],[],[],[],[],[],[],[],[],[],[],[],[],[],[],[],[],[],[],[],[]],"neow_cost":"PERCENT_DAMAGE","improvable_cards":{"Genetic Algorithm+1":[13]},"seed_source_timestamp":3796472315750,"shop_contents":[{"floor":3,"relics":["Oddly Smooth Stone"],"cards":["Ball Lightning","FTL","Leap+1","Static Discharge","Dramatic Entrance","Secret Weapon+1"],"potions":["Swift Potion","DuplicationPotion","Ancient Potion"]},{"floor":22,"relics":["Blood Vial","Blue Candle"],"cards":["Rebound","Rip and Tear","Reinforced Body+1","Machine Learning+1","Impatience+1","HandOfGreed"],"potions":["SpeedPotion","BlessingOfTheForge","SkillPotion"]}],"circlet_count":0,"master_deck":["AscendersBane","Strike_B","Strike_B","Strike_B","Defend_B","Defend_B","Defend_B","Zap","Dualcast","Consume+1","Doom and Gloom+1","Turbo+1","Biased Cognition+1","Conserve Battery+1","Genetic Algorithm+1","Rebound","Steam+1","Reboot+1","Hologram+1","Double Energy+1","Biased Cognition+1","Heatsinks+1","White Noise+1","Compile Driver+1"],"potion_use_per_floor":[[],[],[],[],[],["AttackPotion","Swift Potion"],[],[],[],[],[],[],[],[],[],[],[],[],[],["SmokeBomb"],[],[],["PowerPotion"],[]],"relics":["Cracked Core","Vajra","Membership Card","Toxic Egg 2","Frozen Egg 2","HornCleat","Girya","Fusion Hammer","Orrery","Mummified Hand"],"potions_floor_usage":[6,6,20,23],"damage_taken":[{"damage":10,"enemies":"Small Slimes","floor":1,"turns":3},{"damage":1,"enemies":"Cultist","floor":4,"turns":4},{"damage":2,"enemies":"Jaw Worm","floor":5,"turns":3},{"damage":20,"enemies":"Lagavulin","floor":6,"turns":5},{"damage":9,"enemies":"Red Slaver","floor":8,"turns":3},{"damage":6,"enemies":"Looter","floor":10,"turns":3},{"damage":14,"enemies":"3 Sentries","floor":13,"turns":5},{"damage":9,"enemies":"Exordium Wildlife","floor":14,"turns":2},{"damage":18,"enemies":"Slime Boss","floor":16,"turns":7},{"damage":24,"enemies":"3 Byrds","floor":18,"turns":4},{"damage":0,"enemies":"Shell Parasite","floor":20,"turns":1},{"damage":34,"enemies":"Slavers","floor":23,"turns":3},{"damage":9,"enemies":"Sentry and Sphere","floor":24,"turns":3}],"seed_played":"-6070270819897589902","neow_bonus_log":{"cardsObtained":[],"cardsUpgraded":[],"cardsRemoved":[],"cardsTransformed":[],"relicsObtained":[],"maxHpGained":0,"goldGained":250,"damageTaken":18,"goldLost":0,"maxHpLost":0},"potions_obtained":[{"floor":1,"key":"Swift Potion"},{"floor":5,"key":"AttackPotion"},{"floor":14,"key":"SmokeBomb"},{"floor":16,"key":"PowerPotion"}],"is_trial":false,"path_per_floor":["M","?","$","M","M","E","R","M","T","M","R","?","E","M","R","B",null,"M","?","M","?","$","E","M"],"character_chosen":"DEFECT","basemod:card_modifiers":[null,null,null,null,null,null,null,null,null,null,null,null,null,null,null,null,null,null,null,null,null,null,null,null],"items_purchased":["Membership Card","Toxic Egg 2","Consume+1","Orrery","White Noise+1"],"campfire_rested":2,"item_purchase_floors":[3,3,3,22,22],"current_hp_per_floor":[36,36,36,35,33,13,34,25,25,19,40,63,49,40,40,22,59,35,35,35,35,35,1,0],"gold":91,"neow_bonus":"TWO_FIFTY_GOLD","is_prod":false,"is_daily":false,"rewards_skipped":[],"chose_seed":false,"campfire_upgraded":1,"win_rate":0,"floor_exit_playtime":[127,136,193,245,293,436,442,487,514,556,560,572,691,743,761,994,1073,1151,1155,1181,1194,1383,1512],"timestamp":1711034356,"path_taken":["M","?","$","M","M","E","R","M","T","M","R","?","E","?","R","BOSS","M","?","M","?","$","E","M"],"build_version":"2022-12-01","purchased_purges":1,"victory":false,"max_hp_per_floor":[71,71,71,71,71,71,71,71,71,71,71,71,71,71,71,71,71,71,71,71,71,71,71,71],"relic_stats":{"Girya":0,"counters":[13,46],"Mummified Hand":[5],"Membership Card":342,"obtain_stats":[{"Girya":13,"HornCleat":9,"Mummified Hand":23,"Vajra":2,"Orrery":22,"Fusion Hammer":17,"Membership Card":3,"Toxic Egg 2":3,"Frozen Egg 2":6,"Cracked Core":0},{"Girya":7,"HornCleat":5,"Mummified Hand":12,"Vajra":1,"Orrery":11,"Fusion Hammer":9,"Membership Card":1,"Toxic Egg 2":1,"Frozen Egg 2":4,"Cracked Core":0},{"Girya":26,"HornCleat":18,"Mummified Hand":43,"Vajra":3,"Orrery":40,"Fusion Hammer":35,"Membership Card":3,"Toxic Egg 2":3,"Frozen Egg 2":15,"Cracked Core":0}]},"card_choices":[{"not_picked":["Streamline","White Noise"],"picked":"Sweeping Beam","floor":1},{"not_picked":["Ball Lightning","Reprogram+1"],"picked":"Doom and Gloom","floor":4},{"not_picked":["Steam+1","Streamline"],"picked":"Turbo+1","floor":5},{"not_picked":["Rebound","Glacier+1"],"picked":"Biased Cognition+1","floor":6},{"not_picked":["Aggregate+1","Sunder"],"picked":"Conserve Battery+1","floor":8},{"not_picked":["Steam+1","Conserve Battery+1"],"picked":"Genetic Algorithm+1","floor":10},{"not_picked":["Recycle+1","BootSequence+1"],"picked":"Rebound","floor":13},{"not_picked":["Fusion+1","White Noise+1"],"picked":"Steam+1","floor":14},{"not_picked":["Machine Learning+1","Meteor Strike"],"picked":"Reboot+1","floor":16},{"not_picked":["Cold Snap","Steam+1"],"picked":"Hologram+1","floor":18},{"not_picked":["Streamline","Leap+1"],"picked":"Double Energy+1","floor":22},{"not_picked":["Aggregate+1","Gash"],"picked":"Biased Cognition+1","floor":22},{"not_picked":["Core Surge","FTL"],"picked":"Heatsinks+1","floor":22},{"not_picked":["Go for the Eyes","Rebound","Leap+1"],"picked":"SKIP","floor":22},{"not_picked":["Chaos+1","Go for the Eyes","Scrape"],"picked":"SKIP","floor":22},{"not_picked":["Turbo+1","Sweeping Beam"],"picked":"Compile Driver+1","floor":23}],"player_experience":127734,"relics_obtained":[{"floor":6,"key":"Frozen Egg 2"},{"floor":9,"key":"HornCleat"},{"floor":13,"key":"Girya"},{"floor":23,"key":"Mummified Hand"}],"event_choices":[{"cards_removed":["Sweeping Beam"],"damage_healed":0,"gold_gain":0,"player_choice":"Gave Card","damage_taken":0,"relics_obtained":["Vajra"],"max_hp_gain":0,"max_hp_loss":0,"event_name":"WeMeetAgain","floor":2,"gold_loss":0},{"damage_healed":23,"gold_gain":0,"player_choice":"Banana","damage_taken":0,"max_hp_gain":0,"max_hp_loss":0,"event_name":"Big Fish","floor":12,"gold_loss":0},{"damage_healed":0,"gold_gain":50,"player_choice":"Stole From Cult","damage_taken":0,"max_hp_gain":0,"max_hp_loss":0,"event_name":"Nest","floor":19,"gold_loss":0},{"cards_removed":["Defend_B"],"damage_healed":0,"gold_gain":0,"player_choice":"Gave Gold","damage_taken":0,"max_hp_gain":0,"max_hp_loss":0,"event_name":"Beggar","floor":21,"gold_loss":75}],"is_beta":false,"boss_relics":[{"not_picked":["Philosopher\u0027s Stone","Cursed Key"],"picked":"Fusion Hammer"}],"items_purged_floors":[22],"is_endless":false,"potions_floor_spawned":[1,5,14,16,20],"killed_by":"Sentry and Sphere","ascension_level":20,"potion_discard_per_floor":[[],[],[],[],[],[],[],[],[],[],[],[],[],[],[],[],[],[],[],[],[],[],[],[]]}