{"neow_bonuses_skipped_log":["UPGRADE_CARD","RANDOM_COMMON_RELIC","BOSS_RELIC"],"neow_costs_skipped_log":["NONE","NONE","NONE"],"potions_obtained_entropic_brew":[[],[],[],[],[],[],[],[],[],[],[],[],[],[],[],[],[],[],[],[],[],[],[],[],[],[],[],[],[],[],[],[],[]],"gold_per_floor":[360,37,57,77,89,89,122,122,122,122,8,43,43,57,57,131,131,141,141,157,184,74,74,100,100,151,164,10,41,41,41,41,41],"floor_reached":33,"playtime":2360,"items_purged":["Defend_B","Strike_B"],"score":582,"play_id":"76609e57-d757-4a6a-94bc-d65d9d5a96e4","local_time":"20240322102733","score_breakdown":["Floors Climbed (33): 165","Enemies Slain (8): 16","Exordium Elites Killed (2): 20","City Elites Killed (2): 40","Bosses Slain (1): 50","Ascension (20): 291"],"is_ascension_mode":true,"potions_obtained_alchemize":[[],[],[],[],[],[],[],[],[],[],[],[],[],[],[],[],[],[],[],[],[],[],[],[],[],[],[],[],[],[],[],[],[]],"campfire_choices":[{"data":"Zap","floor":6,"key":"SMITH"},{"floor":10,"key":"REST"},{"floor":15,"key":"REST"},{"data":"Coolheaded","floor":23,"key":"SMITH"},{"data":"Hologram","floor":25,"key":"SMITH"},{"data":"Rainbow","floor":32,"key":"SMITH"}],"lesson_learned_per_floor":[[],[],[],[],[],[],[],[],[],[],[],[],[],[],[],[],[],[],[],[],[],[],[],[],[],[],[],[],[],[],[],[],[]],"neow_cost":"TEN_PERCENT_HP_LOSS","improvable_cards":{},"seed_source_timestamp":65528518912000,"shop_contents":[{"floor":2,"relics":["Ancient Tea Set","Medical Kit"],"cards":["Go for the Eyes","FTL","Steam","Stack","Mind Blast","Secret Weapon"],"potions":["Swift Potion","EntropicBrew","Strength Potion"]},{"floor":11,"relics":["Molten Egg 2","Prayer Wheel","Strange Spoon"],"cards":["Cold Snap","Fission","Rainbow","Heatsinks","Impatience","Apotheosis"],"potions":["BlessingOfTheForge","LiquidBronze","LiquidBronze"]},{"floor":28,"relics":["HornCleat","Bag of Marbles","Chemical X"],"cards":["Lockon","Gash","Steam","Heatsinks","Enlightenment","Secret Weapon"],"potions":["FocusPotion","PotionOfCapacity","LiquidMemories"]}],"circlet_count":0,"master_deck":["AscendersBane","Strike_B","Strike_B+1","Defend_B","Defend_B","Zap+1","Dualcast","Hologram+1","Capacitor","Chaos","Loop","Undo","BootSequence","Sunder+1","Coolheaded+1","Rainbow+1","Rebound","Barrage","Heatsinks","Coolheaded"],"potion_use_per_floor":[[],[],[],[],["GamblersBrew"],[],["Strength Potion"],[],[],[],[],["Dexterity Potion"],[],["ColorlessPotion"],[],["ColorlessPotion","FocusPotion"],[],["DistilledChaos"],[],[],[],[],[],["Strength Potion","Regen Potion"],[],[],[],[],["FocusPotion"],[],[],[],["PotionOfCapacity","LiquidMemories"]],"relics":["Cracked Core","White Beast Statue","Art of War","Blood Vial","Matryoshka","Bronze Scales","Coffee Dripper","Oddly Smooth Stone","Happy Flower","MealTicket","Regal Pillow","The Courier"],"potions_floor_usage":[5,7,12,14,16,16,18,24,24,29,33,33],"damage_taken":[{"damage":4,"enemies":"Small Slimes","floor":1,"turns":4},{"damage":2,"enemies":"Jaw Worm","floor":3,"turns":4},{"damage":0,"enemies":"2 Louse","floor":4,"turns":2},{"damage":11,"enemies":"Blue Slaver","floor":5,"turns":5},{"damage":33,"enemies":"Gremlin Nob","floor":7,"turns":4},{"damage":5,"enemies":"Lagavulin","floor":12,"turns":6},{"damage":1,"enemies":"Gremlin Gang","floor":14,"turns":4},{"damage":31,"enemies":"Slime Boss","floor":16,"turns":11},{"damage":0,"enemies":"Chosen","floor":18,"turns":4},{"damage":11,"enemies":"Spheric Guardian","floor":20,"turns":5},{"damage":12,"enemies":"Book of Stabbing","floor":24,"turns":5},{"damage":0,"enemies":"Centurion and Healer","floor":27,"turns":6},{"damage":34,"enemies":"Gremlin Leader","floor":29,"turns":8},{"damage":36,"enemies":"Collector","floor":33,"turns":7}],"seed_played":"3894704438149052514","neow_bonus_log":{"cardsObtained":[],"cardsUpgraded":[],"cardsRemoved":[],"cardsTransformed":[],"relicsObtained":[],"maxHpGained":0,"goldGained":250,"damageTaken":0,"goldLost":0,"maxHpLost":7},"potions_obtained":[{"floor":3,"key":"GamblersBrew"},{"floor":4,"key":"Strength Potion"},{"floor":5,"key":"Dexterity Potion"},{"floor":7,"key":"FocusPotion"},{"floor":12,"key":"ColorlessPotion"},{"floor":14,"key":"ColorlessPotion"},{"floor":16,"key":"DistilledChaos"},{"floor":18,"key":"Strength Potion"},{"floor":20,"key":"Regen Potion"},{"floor":24,"key":"FocusPotion"},{"floor":27,"key":"PotionOfCapacity"},{"floor":29,"key":"LiquidMemories"}],"is_trial":false,"path_per_floor":["M","$","M","M","M","R","E","?","T","R","$","E","?","M","R","B",null,"M","?","M","T","?","R","E","R","T","M","$","E","?","?","R","B"],"character_chosen":"DEFECT","basemod:card_modifiers":[null,null,null,null,null,null,null,null,null,null,null,null,null,null,null,null,null,null,null,null],"items_purchased":["White Beast Statue","Capacitor","Sunder","Coolheaded"],"campfire_rested":2,"item_purchase_floors":[2,2,11,28],"current_hp_per_floor":[60,60,58,58,47,47,14,9,9,28,28,25,18,19,38,9,50,52,52,43,43,43,43,47,47,47,49,64,30,30,30,30,0],"gold":41,"neow_bonus":"TWO_FIFTY_GOLD","is_prod":false,"is_daily":false,"rewards_skipped":[],"chose_seed":false,"campfire_upgraded":4,"win_rate":0,"floor_exit_playtime":[81,150,188,224,324,345,412,465,476,484,516,633,648,734,772,955,1058,1162,1172,1248,1257,1284,1302,1454,1466,1476,1596,1641,1944,1951,1956,1965],"timestamp":1711117653,"blue_key_relic_skipped_log":{"floor":26,"relicID":"Strawberry"},"path_taken":["M","$","M","M","M","R","E","?","T","R","?","E","?","M","R","BOSS","M","?","?","?","?","R","E","R","T","M","$","E","?","?","R","BOSS"],"build_version":"2022-12-01","purchased_purges":2,"victory":false,"max_hp_per_floor":[64,64,64,64,64,64,64,64,64,64,64,64,64,64,64,64,64,64,64,64,64,64,64,64,64,64,64,64,64,64,64,64,64],"relic_stats":{"Blood Vial":16,"Regal Pillow":0,"Matryoshka":2,"Happy Flower":[8],"counters":[14,75],"Bronze Scales":[117],"MealTicket":15,"The Courier":0,"Art of War":[17],"obtain_stats":[{"Blood Vial":8,"Regal Pillow":26,"Matryoshka":9,"Happy Flower":21,"Bronze Scales":12,"Oddly Smooth Stone":21,"MealTicket":24,"The Courier":29,"Art of War":7,"Coffee Dripper":17,"Cracked Core":0,"White Beast Statue":2},{"Blood Vial":5,"Regal Pillow":11,"Matryoshka":5,"Happy Flower":10,"Bronze Scales":6,"Oddly Smooth Stone":10,"MealTicket":11,"The Courier":13,"Art of War":5,"Coffee Dripper":8,"Cracked Core":0,"White Beast Statue":1},{"Blood Vial":19,"Regal Pillow":54,"Matryoshka":19,"Happy Flower":49,"Bronze Scales":25,"Oddly Smooth Stone":49,"MealTicket":54,"The Courier":68,"Art of War":19,"Coffee Dripper":40,"Cracked Core":0,"White Beast Statue":4}],"White Beast Statue":[0.0,0.026400000000000007,0.0,0.2934400000000001,0.0,0.5049600000000003,0.0,0.16800000000000007,0.0,0.007200000000000002,0.0,5.66384]},"card_choices":[{"not_picked":["Double Energy","Stack"],"picked":"Hologram","floor":1},{"not_picked":["Steam","Go for the Eyes"],"picked":"Chaos","floor":3},{"not_picked":["Stack","Beam Cell"],"picked":"Loop","floor":4},{"not_picked":["Tempest","Chaos"],"picked":"Undo","floor":5},{"not_picked":["Creative AI","Redo"],"picked":"BootSequence","floor":7},{"not_picked":["Reprogram","Compile Driver"],"picked":"Coolheaded","floor":12},{"not_picked":["Leap","Coolheaded","Steam"],"picked":"SKIP","floor":14},{"not_picked":["Buffer","All For One"],"picked":"Rainbow","floor":16},{"not_picked":["Sweeping Beam","Gash","Go for the Eyes"],"picked":"SKIP","floor":18},{"not_picked":["Sweeping Beam+1","Blizzard"],"picked":"Rebound","floor":20},{"not_picked":["Rebound","Redo"],"picked":"Barrage","floor":24},{"not_picked":["Go for the Eyes","Streamline+1"],"picked":"Heatsinks","floor":27},{"not_picked":["Conserve Battery","Stack+1","Melter"],"picked":"SKIP","floor":29}],"player_experience":131097,"relics_obtained":[{"floor":7,"key":"Art of War"},{"floor":9,"key":"Matryoshka"},{"floor":12,"key":"Bronze Scales"},{"floor":21,"key":"Oddly Smooth Stone"},{"floor":21,"key":"Happy Flower"},{"floor":24,"key":"MealTicket"},{"floor":26,"key":"Regal Pillow"},{"floor":29,"key":"The Courier"}],"event_choices":[{"damage_healed":0,"gold_gain":0,"player_choice":"Success","damage_taken":5,"relics_obtained":["Blood Vial"],"max_hp_gain":0,"max_hp_loss":0,"event_name":"Scrap Ooze","floor":8,"gold_loss":0},{"cards_removed":["Defend_B"],"damage_healed":0,"gold_gain":0,"player_choice":"Card Removal","damage_taken":7,"max_hp_gain":0,"max_hp_loss":0,"event_name":"Golden Wing","floor":13,"gold_loss":0},{"damage_healed":0,"gold_gain":0,"player_choice":"Upgraded","damage_taken":0,"max_hp_gain":0,"max_hp_loss":0,"event_name":"Upgrade Shrine","floor":19,"gold_loss":0,"cards_upgraded":["Sunder"]},{"cards_removed":["Strike_B"],"damage_healed":0,"gold_gain":0,"player_choice":"Upgrade and Remove","damage_taken":0,"max_hp_gain":0,"max_hp_loss":0,"event_name":"Designer","floor":22,"gold_loss":110,"cards_upgraded":["Strike_B"]},{"damage_healed":0,"gold_gain":0,"player_choice":"Ignored","damage_taken":0,"max_hp_gain":0,"max_hp_loss":0,"event_name":"The Mausoleum","floor":30,"gold_loss":0},{"damage_healed":0,"gold_gain":0,"player_choice":"Ignored","damage_taken":0,"max_hp_gain":0,"max_hp_loss":0,"event_name":"Cursed Tome","floor":31,"gold_loss":0}],"is_beta":false,"boss_relics":[{"not_picked":["Astrolabe","Nuclear Battery"],"picked":"Coffee Dripper"}],"items_purged_floors":[11,28],"is_endless":false,"potions_floor_spawned":[3,4,5,7,12,14,16,18,20,24,27,29],"killed_by":"Collector","ascension_level":20,"potion_discard_per_floor":[[],[],[],[],[],[],[],[],[],[],[],[],[],[],[],[],[],[],[],[],[],[],[],[],[],[],[],[],[],[],[],[],[]]}