{"neow_bonuses_skipped_log":["ONE_RANDOM_RARE_CARD","THREE_SMALL_POTIONS","THREE_RARE_CARDS"],"neow_costs_skipped_log":["NONE","NONE","CURSE"],"potions_obtained_entropic_brew":[[],[],[],[],[],[],[],[],[],[]],"gold_per_floor":[111,121,121,135,154,154,114,114,114,114],"floor_reached":10,"playtime":600,"items_purged":[],"score":136,"play_id":"3ec81dbe-49e7-4c02-83b4-1607869c3d0c","local_time":"20240322094756","score_breakdown":["Floors Climbed (10): 50","Enemies Slain (4): 8","Exordium Elites Killed (1): 10","Bosses Slain (0): 0","Ascension (20): 68"],"is_ascension_mode":true,"potions_obtained_alchemize":[[],[],[],[],[],[],[],[],[],[]],"campfire_choices":[{"floor":8,"key":"REST"}],"lesson_learned_per_floor":[[],[],[],[],[],[],[],[],[],[]],"neow_cost":"NONE","improvable_cards":{},"seed_source_timestamp":64913309664792,"shop_contents":[],"circlet_count":0,"master_deck":["AscendersBane","Strike_B","Strike_B","Strike_B","Strike_B","Defend_B","Defend_B","Defend_B","Zap","Dualcast","Undo","Coolheaded","Redo","Consume","Streamline"],"potion_use_per_floor":[[],[],[],[],["Explosive Potion"],["SmokeBomb"],[],[],[],[]],"relics":["SlaversCollar","StrikeDummy"],"potions_floor_usage":[5,6],"damage_taken":[{"damage":7,"enemies":"Cultist","floor":1,"turns":5},{"damage":0,"enemies":"2 Louse","floor":2,"turns":4},{"damage":2,"enemies":"Small Slimes","floor":4,"turns":5},{"damage":41,"enemies":"Exordium Wildlife","floor":5,"turns":12},{"damage":0,"enemies":"Lagavulin","floor":6,"turns":2},{"damage":5,"enemies":"Looter","floor":7,"turns":4},{"damage":29,"enemies":"Exordium Thugs","floor":10,"turns":4}],"seed_played":"49227665971704851","neow_bonus_log":{"cardsObtained":[],"cardsUpgraded":[],"cardsRemoved":[],"cardsTransformed":[],"relicsObtained":["SlaversCollar"],"maxHpGained":0,"goldGained":0,"damageTaken":0,"goldLost":0,"maxHpLost":0},"potions_obtained":[{"floor":1,"key":"SmokeBomb"},{"floor":4,"key":"Explosive Potion"}],"is_trial":false,"path_per_floor":["M","M","?","M","M","E","M","R","T","M"],"character_chosen":"DEFECT","basemod:card_modifiers":[null,null,null,null,null,null,null,null,null,null,null,null,null,null,null],"items_purchased":[],"campfire_rested":1,"item_purchase_floors":[],"current_hp_per_floor":[57,57,50,48,7,7,2,23,23,0],"gold":114,"neow_bonus":"BOSS_RELIC","is_prod":false,"is_daily":false,"rewards_skipped":[],"chose_seed":false,"campfire_upgraded":0,"win_rate":0,"floor_exit_playtime":[157,207,230,300,483,504,548,552,555],"timestamp":1711115276,"path_taken":["M","M","?","M","M","E","M","R","T","M"],"build_version":"2022-12-01","purchased_purges":0,"victory":false,"max_hp_per_floor":[71,71,71,71,71,71,71,71,71,71],"relic_stats":{"counters":[7,36],"obtain_stats":[{"SlaversCollar":0,"Cracked Core":0,"StrikeDummy":9},{"SlaversCollar":0,"Cracked Core":0,"StrikeDummy":6},{"SlaversCollar":0,"Cracked Core":0,"StrikeDummy":32}]},"card_choices":[{"not_picked":["Aggregate","Coolheaded"],"picked":"Undo","floor":1},{"not_picked":["Barrage","Storm"],"picked":"Coolheaded","floor":2},{"not_picked":["Static Discharge","Go for the Eyes"],"picked":"Redo","floor":4},{"not_picked":["Recycle","Redo"],"picked":"Consume","floor":5},{"not_picked":["Rebound","Go for the Eyes"],"picked":"Streamline","floor":7}],"player_experience":130497,"relics_obtained":[{"floor":9,"key":"StrikeDummy"}],"event_choices":[{"cards_removed":["Defend_B"],"damage_healed":0,"gold_gain":0,"player_choice":"Card Removal","damage_taken":7,"max_hp_gain":0,"max_hp_loss":0,"event_name":"Golden Wing","floor":3,"gold_loss":0}],"is_beta":false,"boss_relics":[],"items_purged_floors":[],"is_endless":false,"potions_floor_spawned":[1,4,6],"killed_by":"Exordium Thugs","ascension_level":20,"potion_discard_per_floor":[[],[],[],[],[],[],[],[],[],[]]}