{"neow_bonuses_skipped_log":["TEN_PERCENT_HP_BONUS","TRANSFORM_TWO_CARDS","BOSS_RELIC"],"potions_obtained_entropic_brew":[[],[],[],[],[],[],[],[],[],[],[],[],[],[],[],[],[],[],[],[],[],[],[],[],[],[],[],[],[],[],[],[],[],[],[],[],[],[],[],[],[],[],[],[],[],[],[],[],[],[],[],[],[],[],[]],"neow_costs_skipped_log":["NONE","CURSE","NONE"],"gold_per_floor":[112,16,31,46,46,46,71,85,85,102,118,145,160,5,5,83,83,96,96,107,107,107,107,136,136,160,160,160,171,171,171,171,245,245,264,264,0,11,23,53,53,87,87,118,146,146,181,208,208,208,208,208,208,84,84],"floor_reached":55,"playtime":7801,"items_purged":["Defend_B","Sunder+1"],"score":2380,"play_id":"454bd350-cd12-4092-b887-4a22116b18e3","local_time":"20240326111631","score_breakdown":["Floors Climbed (55): 275","Enemies Slain (15): 30","Exordium Elites Killed (2): 20","City Elites Killed (1): 20","Beyond Elites Killed (4): 120","Bosses Slain (4): 500","Champion (4): 100","Perfect (2): 100","Overkill: 25","Ascension (20): 1190"],"is_ascension_mode":true,"potions_obtained_alchemize":[[],[],[],[],[],[],[],[],[],[],[],[],[],[],[],[],[],[],[],[],[],[],[],[],[],[],[],[],[],[],[],[],[],[],[],[],[],[],[],[],[],[],[],[],[],[],[],[],[],[],[],[],[],[],[]],"campfire_choices":[{"data":"Lockon","floor":6.0,"key":"SMITH"},{"data":"Sunder","floor":15.0,"key":"SMITH"},{"floor":23.0,"key":"REST"},{"data":"Hologram","floor":25.0,"key":"SMITH"},{"floor":27.0,"key":"REST"},{"data":"Ghostly","floor":32.0,"key":"SMITH"},{"floor":41.0,"key":"RECALL"},{"data":"Barrage","floor":49.0,"key":"SMITH"},{"data":"Hologram","floor":53,"key":"SMITH"}],"lesson_learned_per_floor":[[],[],[],[],[],[],[],[],[],[],[],[],[],[],[],[],[],[],[],[],[],[],[],[],[],[],[],[],[],[],[],[],[],[],[],[],[],[],[],[],[],[],[],[],[],[],[],[],[],[],[],[],[],[],[]],"neow_cost":"NONE","improvable_cards":{"Genetic Algorithm+1":[47]},"seed_source_timestamp":0,"shop_contents":[{"floor":2,"relics":["MealTicket","Dead Branch","Runic Capacitor"],"cards":["Rip and Tear","Redo","Echo Form","Blind","Thinking Ahead"],"potions":["Explosive Potion","GamblersBrew","SneckoOil"]},{"floor":14,"relics":["Matryoshka","Potion Belt","Frozen Eye"],"cards":["Ball Lightning","Auto Shields","Redo","Loop","Enlightenment","Master of Strategy"],"potions":["EssenceOfDarkness","LiquidMemories","SpeedPotion"]},{"floor":37,"relics":["Pantograph","Strange Spoon"],"cards":["Gash","Barrage","Redo","Chaos","Static Discharge","Purity","Metamorphosis"],"potions":["Strength Potion","Ancient Potion","Dexterity Potion"]},{"floor":54,"relics":["War Paint","Boot","HandDrill"],"cards":["Gash","Go for the Eyes","Leap","Static Discharge","Bandage Up","Violence"],"potions":["EssenceOfSteel","SmokeBomb"]}],"circlet_count":0,"master_deck":["AscendersBane","Zap+1","Dualcast+1","Conserve Battery+1","Lockon+1","Coolheaded+1","Glacier+1","Redo+1","FTL+1","Hologram+1","Buffer+1","Loop+1","Reboot+1","Turbo+1","Consume+1","Decay","Coolheaded+1","Ghostly+1","Ghostly+1","Ghostly+1","Genetic Algorithm+1","Fission+1","Echo Form+1","Stack+1","Heatsinks+1","Multi-Cast+1","Sunder+1","Go for the Eyes+1","Hologram+1","Meteor Strike","Doom and Gloom","Hologram+1","Barrage+1","Undo"],"special_seed":0,"potion_use_per_floor":[[],[],[],[],[],[],["LiquidMemories","GamblersBrew"],[],[],[],[],["FairyPotion"],[],[],[],[],[],[],[],[],[],[],[],["LiquidMemories","Fire Potion"],[],[],[],[],[],[],[],[],["PowerPotion"],[],[],[],[],[],[],[],[],[],[],["AttackPotion"],[],[],[],[],[],[],["SteroidPotion"],[],[],[],["Block Potion"]],"relics":["Cracked Core","Pen Nib","InkBottle","DataDisk","Inserter","Enchiridion","Orichalcum","Anchor","Pandora\u0027s Box","Mark of the Bloom","Lantern","CeramicFish","Art of War","Ancient Tea Set","Turnip"],"potions_floor_usage":[55],"damage_taken":[{"damage":1.0,"enemies":"Cultist","floor":1.0,"turns":3.0},{"damage":8.0,"enemies":"2 Louse","floor":3.0,"turns":2.0},{"damage":0.0,"enemies":"Jaw Worm","floor":4.0,"turns":3.0},{"damage":25.0,"enemies":"Lagavulin","floor":7.0,"turns":8.0},{"damage":3.0,"enemies":"Red Slaver","floor":8.0,"turns":3.0},{"damage":0.0,"enemies":"Exordium Thugs","floor":10.0,"turns":4.0},{"damage":9.0,"enemies":"Gremlin Gang","floor":11.0,"turns":5.0},{"damage":18.0,"enemies":"3 Sentries","floor":12.0,"turns":9.0},{"damage":0.0,"enemies":"2 Fungi Beasts","floor":13.0,"turns":3.0},{"damage":0.0,"enemies":"Slime Boss","floor":16.0,"turns":9.0},{"damage":1.0,"enemies":"Spheric Guardian","floor":18.0,"turns":6.0},{"damage":9.0,"enemies":"Chosen","floor":20.0,"turns":4.0},{"damage":26.0,"enemies":"Book of Stabbing","floor":24.0,"turns":5.0},{"damage":1.0,"enemies":"Sentry and Sphere","floor":29.0,"turns":8.0},{"damage":27.0,"enemies":"Collector","floor":33.0,"turns":11.0},{"damage":13.0,"enemies":"3 Shapes","floor":35.0,"turns":5.0},{"damage":0.0,"enemies":"3 Darklings","floor":38.0,"turns":6.0},{"damage":0.0,"enemies":"Maw","floor":39.0,"turns":11.0},{"damage":0.0,"enemies":"Giant Head","floor":40.0,"turns":11.0},{"damage":0.0,"enemies":"Nemesis","floor":42.0,"turns":11.0},{"damage":0.0,"enemies":"Reptomancer","floor":44.0,"turns":5.0},{"damage":0.0,"enemies":"Jaw Worm Horde","floor":45.0,"turns":4.0},{"damage":0.0,"enemies":"Giant Head","floor":47.0,"turns":8.0},{"damage":0.0,"enemies":"3 Darklings","floor":48.0,"turns":14.0},{"damage":0.0,"enemies":"Time Eater","floor":50.0,"turns":12.0},{"damage":14.0,"enemies":"Awakened One","floor":51.0,"turns":20.0},{"damage":2,"enemies":"Shield and Spear","floor":55,"turns":3}],"green_key_taken_log":44,"seed_played":"2571456735085299675","neow_bonus_log":{"cardsObtained":[],"cardsUpgraded":["Zap"],"cardsRemoved":[],"cardsTransformed":[],"relicsObtained":[],"maxHpGained":0,"goldGained":0,"damageTaken":0,"goldLost":0,"maxHpLost":0},"potions_obtained":[{"floor":1.0,"key":"LiquidMemories"},{"floor":4.0,"key":"GamblersBrew"},{"floor":11.0,"key":"FairyPotion"},{"floor":12.0,"key":"Fire Potion"},{"floor":18.0,"key":"LiquidMemories"},{"floor":24.0,"key":"PowerPotion"},{"floor":35.0,"key":"Block Potion"},{"floor":40.0,"key":"AttackPotion"},{"floor":42.0,"key":"FairyPotion"},{"floor":44.0,"key":"SteroidPotion"}],"is_trial":false,"path_per_floor":["M","$","M","M","?","R","E","M","T","M","M","E","M","$","R","B",null,"M","?","M","?","?","R","E","R","T","R","?","M","?","?","R","B",null,"M","?","$","M","M","E","R","E","T","E","M","?","E","M","R","B","B",null,"R","$","E"],"character_chosen":"DEFECT","basemod:card_modifiers":[null,null,null,null,null,null,null,null,null,null,null,null,null,null,null,null,null,null,null,null,null,null,null,null,null,null,null,null,null,null,null,null,null,null],"items_purchased":["Lockon","Coolheaded","Sunder","Lantern","Undo","Block Potion"],"campfire_rested":2,"item_purchase_floors":[2,2,14,37,54,54],"current_hp_per_floor":[63,63,55,55,48,48,23,20,20,20,11,18,18,18,18,18,58,57,57,48,27,27,48,22,22,22,43,43,42,35,35,35,8,28,15,15,15,15,15,15,15,15,15,15,15,15,15,15,15,15,1,1,1,1,0],"gold":84,"neow_bonus":"UPGRADE_CARD","is_prod":false,"is_daily":false,"rewards_skipped":[],"chose_seed":false,"campfire_upgraded":6,"win_rate":0,"floor_exit_playtime":[135,175,209,315,324,347,583,633,637,711,871,1149,1227,1266,1275,1495,1577,1909,1940,2042,2052,2057,2062,2253,2273,2276,2286,2305,2496,2505,2530,2547,2906,2925,3077,3119,3204,3444,3752,4106,4117,4421,4426,4858,5099,5107,5410,5816,5828,6126,6765,7312,7324,7392],"timestamp":1711466191,"blue_key_relic_skipped_log":{"floor":43,"relicID":"Symbiotic Virus"},"path_taken":["M","$","M","M","?","R","E","M","T","M","M","E","M","$","R","BOSS","M","?","?","?","?","R","E","R","T","R","?","?","?","?","R","BOSS","M","?","$","M","?","E","R","E","T","E","M","?","E","M","R","BOSS","BOSS","R","$","E"],"build_version":"2022-12-01","purchased_purges":2,"victory":false,"max_hp_per_floor":[71,71,71,71,71,71,71,71,71,71,71,71,71,71,71,71,71,71,71,71,71,71,71,71,71,71,71,71,71,35,35,35,35,35,35,35,35,35,35,35,35,35,35,35,35,35,35,35,35,35,35,35,35,35,35],"relic_stats":{"Mark of the Bloom":26,"Inserter":[72],"counters":[27,192],"CeramicFish":45,"Pandora\u0027s Box":["Stack","Heatsinks","Multi-Cast","Sunder"],"Pen Nib":[20],"Turnip":[0],"Art of War":[20],"Orichalcum":[114],"Ancient Tea Set":[4],"obtain_stats":[{"Mark of the Bloom":36,"Lantern":37,"Inserter":17,"CeramicFish":40,"Enchiridion":21,"Pen Nib":7,"Orichalcum":24,"Ancient Tea Set":44,"DataDisk":12,"Anchor":26,"Pandora\u0027s Box":34,"Turnip":47,"Art of War":42,"Cracked Core":0,"InkBottle":9},{"Mark of the Bloom":16,"Lantern":16,"Inserter":10,"CeramicFish":19,"Enchiridion":12,"Pen Nib":4,"Orichalcum":13,"Ancient Tea Set":21,"DataDisk":8,"Anchor":13,"Pandora\u0027s Box":15,"Turnip":23,"Art of War":20,"Cracked Core":0,"InkBottle":5},{"Mark of the Bloom":87,"Lantern":87,"Inserter":49,"CeramicFish":115,"Enchiridion":59,"Pen Nib":16,"Orichalcum":64,"Ancient Tea Set":131,"DataDisk":37,"Anchor":64,"Pandora\u0027s Box":82,"Turnip":143,"Art of War":126,"Cracked Core":0,"InkBottle":19}],"InkBottle":[82]},"card_choices":[{"not_picked":["Blizzard","Static Discharge"],"picked":"Conserve Battery","floor":1.0},{"not_picked":["Stack","Double Energy"],"picked":"Glacier","floor":3.0},{"not_picked":["Coolheaded","Chaos","White Noise"],"picked":"SKIP","floor":4.0},{"not_picked":["Creative AI","Capacitor"],"picked":"Redo","floor":7.0},{"not_picked":["Coolheaded","Sweeping Beam"],"picked":"FTL","floor":8.0},{"not_picked":["Coolheaded","Force Field"],"picked":"Hologram","floor":10.0},{"not_picked":["Reinforced Body","Darkness"],"picked":"Buffer","floor":11.0},{"not_picked":["Genetic Algorithm","Go for the Eyes"],"picked":"Loop","floor":12.0},{"not_picked":["Beam Cell","Turbo","Leap"],"picked":"SKIP","floor":13.0},{"not_picked":["Meteor Strike","Core Surge"],"picked":"Reboot","floor":16.0},{"not_picked":["Coolheaded","Aggregate","Chill"],"picked":"SKIP","floor":18.0},{"not_picked":["Auto Shields","Rebound","Recycle","Glacier","Genetic Algorithm","Sunder","Defragment","Sweeping Beam","Ball Lightning","Compile Driver","Redo","Beam Cell","Darkness","Steam","Cold Snap","Conserve Battery","Steam Power","Gash","Reprogram"],"picked":"Turbo","floor":19.0},{"not_picked":["Fusion","Sweeping Beam","Storm"],"picked":"SKIP","floor":20.0},{"not_picked":["Beam Cell","Leap"],"picked":"Consume+1","floor":24.0},{"not_picked":["Cold Snap","Genetic Algorithm"],"picked":"Coolheaded","floor":29.0},{"not_picked":["Thunder Strike","Rainbow"],"picked":"Echo Form","floor":33.0},{"not_picked":["Streamline","FTL"],"picked":"Go for the Eyes+1","floor":35.0},{"not_picked":["Leap","Fusion","Beam Cell"],"picked":"SKIP","floor":38.0},{"not_picked":["Consume+1","Double Energy"],"picked":"Hologram+1","floor":39.0},{"not_picked":["Ball Lightning+1","Static Discharge","Conserve Battery"],"picked":"SKIP","floor":40.0},{"not_picked":["Static Discharge","Defragment"],"picked":"Meteor Strike","floor":42.0},{"not_picked":["Leap","Streamline","Redo+1"],"picked":"SKIP","floor":44.0},{"not_picked":["Hyperbeam","Loop+1"],"picked":"Doom and Gloom","floor":45.0},{"not_picked":["Go for the Eyes","Genetic Algorithm"],"picked":"Hologram","floor":47.0},{"not_picked":["Hologram","Barrage","Consume"],"picked":"SKIP","floor":48.0},{"not_picked":["Hologram","Consume"],"picked":"Barrage","floor":48.0}],"player_experience":139130,"relics_obtained":[{"floor":7.0,"key":"Pen Nib"},{"floor":9.0,"key":"InkBottle"},{"floor":12.0,"key":"DataDisk"},{"floor":21.0,"key":"Enchiridion"},{"floor":24.0,"key":"Orichalcum"},{"floor":26.0,"key":"Anchor"},{"floor":40.0,"key":"CeramicFish"},{"floor":42.0,"key":"Art of War"},{"floor":44.0,"key":"Ancient Tea Set"},{"floor":47.0,"key":"Turnip"}],"event_choices":[{"cards_removed":["Defend_B"],"damage_healed":0.0,"max_hp_gain":0.0,"max_hp_loss":0.0,"gold_gain":0.0,"event_name":"Golden Wing","player_choice":"Card Removal","floor":5.0,"gold_loss":0.0,"damage_taken":7.0},{"damage_healed":0.0,"max_hp_gain":0.0,"max_hp_loss":0.0,"gold_gain":0.0,"event_name":"The Library","player_choice":"Read","floor":19.0,"gold_loss":0.0,"damage_taken":0.0,"cards_obtained":["Turbo"]},{"damage_healed":0.0,"max_hp_gain":0.0,"max_hp_loss":0.0,"gold_gain":0.0,"event_name":"Cursed Tome","player_choice":"Obtained Book","floor":21.0,"gold_loss":0.0,"damage_taken":21.0},{"damage_healed":0.0,"max_hp_gain":0.0,"max_hp_loss":0.0,"gold_gain":0.0,"event_name":"The Mausoleum","player_choice":"Ignored","floor":22.0,"gold_loss":0.0,"damage_taken":0.0},{"damage_healed":0.0,"max_hp_gain":0.0,"max_hp_loss":0.0,"gold_gain":0.0,"event_name":"Forgotten Altar","player_choice":"Smashed Altar","floor":28.0,"gold_loss":0.0,"damage_taken":0.0,"cards_obtained":["Decay"]},{"damage_healed":0.0,"max_hp_gain":0.0,"max_hp_loss":36.0,"gold_gain":0.0,"event_name":"Ghosts","player_choice":"Became a Ghost","floor":30.0,"gold_loss":0.0,"damage_taken":0.0,"cards_obtained":["Ghostly","Ghostly","Ghostly"]},{"damage_healed":0.0,"max_hp_gain":0.0,"max_hp_loss":0.0,"gold_gain":0.0,"cards_transformed":["Strike_B","Strike_B"],"event_name":"Drug Dealer","player_choice":"Became Test Subject","floor":31.0,"gold_loss":0.0,"damage_taken":0.0,"cards_obtained":["Genetic Algorithm","Fission"]},{"damage_healed":0.0,"max_hp_gain":0.0,"max_hp_loss":0.0,"gold_gain":0.0,"event_name":"MindBloom","player_choice":"Upgrade","floor":36.0,"gold_loss":0.0,"damage_taken":0.0,"cards_upgraded":["Dualcast","Conserve Battery","Coolheaded","Glacier","Redo","FTL","Buffer","Loop","Reboot","Turbo","Coolheaded","Ghostly","Ghostly","Genetic Algorithm","Fission","Echo Form","Stack","Heatsinks","Multi-Cast","Sunder"],"relics_obtained":["Mark of the Bloom"]},{"damage_healed":0.0,"max_hp_gain":0.0,"max_hp_loss":0.0,"gold_gain":0.0,"event_name":"The Moai Head","player_choice":"Ignored","floor":46.0,"gold_loss":0.0,"damage_taken":0.0}],"is_beta":false,"boss_relics":[{"not_picked":["Astrolabe","FrozenCore"],"picked":"Inserter"},{"not_picked":["Velvet Choker","Busted Crown"],"picked":"Pandora\u0027s Box"}],"items_purged_floors":[14,37],"is_endless":false,"potions_floor_spawned":[1,4,11,12,18,24,35,40,42,44],"killed_by":"Shield and Spear","ascension_level":20,"potion_discard_per_floor":[[],[],[],[],[],[],[],[],[],[],[],[],[],[],[],[],[],[],[],[],[],[],[],[],[],[],[],[],[],[],[],[],[],[],[],[],[],[],[],[],[],["Block Potion"],[],["FairyPotion"],[],[],[],[],[],[],[],[],[],[],[]]}