{"neow_bonuses_skipped_log":["UPGRADE_CARD","TEN_PERCENT_HP_BONUS","BOSS_RELIC"],"potions_obtained_entropic_brew":[[],[],[],[],[],[],[],[],[],[],[],[],[],[],[],[],[],[],[],[],[],[],[],[],[],[],[],[],[],[],[],[],[],[],[],[],[],[],[],[],[],[],[],[],[]],"neow_costs_skipped_log":["NONE","NONE","NONE"],"gold_per_floor":[116,136,155,168,13,13,27,27,27,27,27,37,67,67,67,141,141,159,176,186,186,15,31,31,31,31,31,58,58,58,78,78,149,149,164,5,5,5,16,16,29,29,29,42,42],"floor_reached":45,"playtime":3935,"items_purged":["Defend_B","Strike_B"],"score":1120,"play_id":"0046ff0c-939f-4edf-b9ae-5f1dd8ea6ec9","local_time":"20240412234058","score_breakdown":["Floors Climbed (45): 225","Enemies Slain (15): 30","Exordium Elites Killed (1): 10","City Elites Killed (1): 20","Beyond Elites Killed (0): 0","Bosses Slain (2): 150","Champion (1): 25","Perfect (2): 100","Ascension (20): 560"],"is_ascension_mode":true,"potions_obtained_alchemize":[[],[],[],[],[],[],[],[],[],[],[],[],[],[],[],[],[],[],[],[],[],[],[],[],[],[],[],[],[],[],[],[],[],[],[],[],[],[],[],[],[],[],[],[],[]],"campfire_choices":[{"data":"Buffer","floor":6,"key":"SMITH"},{"data":"Hologram","floor":8,"key":"SMITH"},{"floor":10,"key":"REST"},{"floor":15,"key":"REST"},{"data":"Seek","floor":24,"key":"SMITH"},{"data":"Ghostly","floor":29,"key":"SMITH"},{"data":"Ghostly","floor":32,"key":"SMITH"},{"floor":40,"key":"RECALL"}],"lesson_learned_per_floor":[[],[],[],[],[],[],[],[],[],[],[],[],[],[],[],[],[],[],[],[],[],[],[],[],[],[],[],[],[],[],[],[],[],[],[],[],[],[],[],[],[],[],[],[],[]],"neow_cost":"PERCENT_DAMAGE","improvable_cards":{},"seed_source_timestamp":482703881690292,"shop_contents":[{"floor":5,"relics":["Boot","Oddly Smooth Stone","Runic Capacitor"],"cards":["Blizzard","Lockon","Conserve Battery","Redo","Swift Strike","Transmutation"],"potions":["SpeedPotion","Swift Potion","Ancient Potion"]},{"floor":22,"relics":["Whetstone","Strawberry"],"cards":["Barrage","Ball Lightning","Hologram","Rainbow","Storm","Dark Shackles","Metamorphosis"],"potions":["Fire Potion","PowerPotion","Explosive Potion"]},{"floor":36,"relics":["Meat on the Bone","Symbiotic Virus","Medical Kit"],"cards":["Rip and Tear","Ball Lightning","Auto Shields","Hello World","Forethought","HandOfGreed"],"potions":["LiquidMemories","PowerPotion","Energy Potion"]}],"circlet_count":0,"master_deck":["AscendersBane","Defend_B","Defend_B+1","Zap+1","Dualcast+1","Ball Lightning","Rebound","Darkness+1","Go for the Eyes","Buffer+1","Hologram+1","Doom and Gloom","Seek+1","Electrodynamics","Hologram+1","Ghostly+1","Ghostly+1","Ghostly","Loop","Biased Cognition","Creative AI","Turbo","Recycle","Coolheaded","Coolheaded"],"potion_use_per_floor":[[],[],["SpeedPotion"],[],[],[],[],[],[],[],[],[],["FocusPotion"],[],[],[],[],[],[],[],[],[],[],[],[],[],[],[],[],[],[],[],[],[],[],[],[],[],[],[],[],[],[],[],["FocusPotion","Weak Potion"]],"relics":["FrozenCore","War Paint","Vajra","Sozu","Toolbox","Mummified Hand","Pear","Calipers"],"potions_floor_usage":[3,13,45,45],"damage_taken":[{"damage":0,"enemies":"Small Slimes","floor":1,"turns":3},{"damage":0,"enemies":"2 Louse","floor":2,"turns":2},{"damage":2,"enemies":"Jaw Worm","floor":3,"turns":3},{"damage":17,"enemies":"Lots of Slimes","floor":4,"turns":4},{"damage":8,"enemies":"Blue Slaver","floor":7,"turns":3},{"damage":0,"enemies":"Exordium Thugs","floor":12,"turns":4},{"damage":0,"enemies":"Gremlin Nob","floor":13,"turns":4},{"damage":0,"enemies":"The Guardian","floor":16,"turns":6},{"damage":12,"enemies":"3 Byrds","floor":18,"turns":3},{"damage":2,"enemies":"Shell Parasite","floor":19,"turns":4},{"damage":0,"enemies":"3 Cultists","floor":20,"turns":3},{"damage":13,"enemies":"Snake Plant","floor":23,"turns":3},{"damage":1,"enemies":"Slavers","floor":28,"turns":4},{"damage":8,"enemies":"Snecko","floor":31,"turns":4},{"damage":0,"enemies":"Collector","floor":33,"turns":7},{"damage":0,"enemies":"3 Shapes","floor":35,"turns":2},{"damage":0,"enemies":"Orb Walker","floor":39,"turns":5},{"damage":0,"enemies":"Maw","floor":41,"turns":6},{"damage":0,"enemies":"Jaw Worm Horde","floor":44,"turns":3},{"damage":56,"enemies":"Nemesis","floor":45,"turns":8}],"seed_played":"-767180845115506656","neow_bonus_log":{"cardsObtained":[],"cardsUpgraded":[],"cardsRemoved":["Strike_B","Defend_B"],"cardsTransformed":[],"relicsObtained":[],"maxHpGained":0,"goldGained":0,"damageTaken":18,"goldLost":0,"maxHpLost":0},"potions_obtained":[{"floor":1,"key":"SpeedPotion"},{"floor":2,"key":"FocusPotion"},{"floor":4,"key":"Fire Potion"},{"floor":11,"key":"FocusPotion"},{"floor":13,"key":"Weak Potion"}],"is_trial":false,"path_per_floor":["M","M","M","M","$","R","M","R","T","R","?","M","E","?","R","B",null,"M","M","M","?","$","M","R","?","T","?","E","R","T","M","R","B",null,"M","$","?","?","M","R","M","?","T","M","E"],"character_chosen":"DEFECT","basemod:card_modifiers":[null,null,null,null,null,null,null,null,null,null,null,null,null,null,null,null,null,null,null,null,null,null,null,null,null],"items_purchased":["Buffer","Toolbox","Turbo"],"campfire_rested":2,"item_purchase_floors":[5,22,36],"current_hp_per_floor":[46,46,44,27,27,27,19,19,19,40,40,40,40,19,40,40,63,51,49,49,49,49,36,36,36,36,35,34,34,44,36,36,36,43,43,43,43,43,43,43,43,43,43,43,0],"gold":42,"neow_bonus":"REMOVE_TWO","is_prod":false,"is_daily":false,"rewards_skipped":[{"floor":11,"relics":[],"potions":["Dexterity Potion"]},{"floor":12,"relics":[],"potions":["SkillPotion"]},{"floor":19,"relics":[],"potions":["FocusPotion"]},{"floor":33,"relics":[],"potions":["AttackPotion"]},{"floor":35,"relics":[],"potions":["Block Potion"]}],"chose_seed":false,"campfire_upgraded":5,"win_rate":0,"floor_exit_playtime":[83,120,178,302,389,420,480,525,532,538,551,618,854,871,874,1037,1213,1345,1587,1650,1700,1789,1961,1969,1992,2047,2063,2227,2235,2239,2340,2352,2732,2776,2882,2956,2973,2999,3271,3277,3456,3542,3548,3671],"timestamp":1712979658,"blue_key_relic_skipped_log":{"floor":26,"relicID":"Unceasing Top"},"path_taken":["M","?","M","M","$","R","M","R","T","R","?","M","E","?","R","BOSS","M","M","M","?","$","M","R","?","T","?","E","R","?","M","R","BOSS","M","$","?","?","?","R","M","?","T","M","E"],"build_version":"2022-12-01","purchased_purges":2,"victory":false,"max_hp_per_floor":[71,71,71,71,71,71,71,71,71,71,71,71,71,71,71,71,71,71,71,71,71,71,71,71,71,71,35,35,35,45,45,45,45,45,45,45,45,43,43,43,43,43,43,43,43],"relic_stats":{"Sozu":2,"Calipers":[0],"counters":[20,81],"Mummified Hand":[49],"War Paint":["Defend_B","Dualcast"],"obtain_stats":[{"Sozu":17,"Pear":30,"Calipers":43,"Mummified Hand":28,"Vajra":13,"Toolbox":22,"War Paint":9,"Cracked Core":0,"FrozenCore":34},{"Sozu":8,"Pear":13,"Calipers":18,"Mummified Hand":13,"Vajra":7,"Toolbox":11,"War Paint":5,"Cracked Core":0,"FrozenCore":15},{"Sozu":29,"Pear":46,"Calipers":70,"Mummified Hand":46,"Vajra":23,"Toolbox":39,"War Paint":15,"Cracked Core":0,"FrozenCore":57}],"FrozenCore":[9]},"card_choices":[{"not_picked":["Reinforced Body","Streamline"],"picked":"Ball Lightning","floor":1},{"not_picked":["Static Discharge","Beam Cell"],"picked":"Rebound","floor":2},{"not_picked":["Redo","Barrage"],"picked":"Darkness","floor":3},{"not_picked":["Stack","Barrage"],"picked":"Go for the Eyes","floor":4},{"not_picked":["Genetic Algorithm","Turbo"],"picked":"Hologram","floor":7},{"not_picked":["Streamline","Hologram"],"picked":"Doom and Gloom","floor":12},{"not_picked":["Beam Cell","Rebound"],"picked":"Seek","floor":13},{"not_picked":["Meteor Strike","Buffer"],"picked":"Electrodynamics","floor":16},{"not_picked":["Streamline","Conserve Battery","Barrage"],"picked":"SKIP","floor":18},{"not_picked":["Gash","Conserve Battery","Fusion"],"picked":"SKIP","floor":19},{"not_picked":["Ball Lightning","Conserve Battery","Beam Cell"],"picked":"SKIP","floor":20},{"not_picked":["Leap+1","Go for the Eyes","Steam Power"],"picked":"SKIP","floor":23},{"not_picked":["Beam Cell","Ball Lightning"],"picked":"Loop","floor":28},{"not_picked":["Cold Snap","White Noise"],"picked":"Biased Cognition","floor":31},{"not_picked":["Thunder Strike","Core Surge"],"picked":"Creative AI","floor":33},{"not_picked":["Scrape","Ball Lightning","Barrage+1"],"picked":"SKIP","floor":35},{"not_picked":["Redo","Darkness"],"picked":"Recycle","floor":39},{"not_picked":["Genetic Algorithm","Capacitor"],"picked":"Coolheaded","floor":41},{"not_picked":["Lockon","Aggregate+1"],"picked":"Coolheaded","floor":44}],"player_experience":166232,"relics_obtained":[{"floor":9,"key":"War Paint"},{"floor":13,"key":"Vajra"},{"floor":28,"key":"Mummified Hand"},{"floor":30,"key":"Pear"},{"floor":43,"key":"Calipers"}],"event_choices":[{"damage_healed":0,"gold_gain":0,"player_choice":"Got Potions","damage_taken":0,"max_hp_gain":0,"max_hp_loss":0,"event_name":"Lab","floor":11,"gold_loss":0},{"damage_healed":0,"gold_gain":0,"player_choice":"Entered Light","damage_taken":21,"max_hp_gain":0,"max_hp_loss":0,"event_name":"Shining Light","floor":14,"gold_loss":0,"cards_upgraded":["Darkness","Zap"]},{"damage_healed":0,"gold_gain":0,"player_choice":"Copied","damage_taken":0,"max_hp_gain":0,"max_hp_loss":0,"event_name":"Duplicator","floor":21,"gold_loss":0,"cards_obtained":["Hologram"]},{"damage_healed":0,"gold_gain":0,"player_choice":"0 cards matched","damage_taken":0,"max_hp_gain":0,"max_hp_loss":0,"event_name":"Match and Keep!","floor":25,"gold_loss":0,"cards_obtained":[]},{"damage_healed":0,"gold_gain":0,"player_choice":"Became a Ghost","damage_taken":0,"max_hp_gain":0,"max_hp_loss":36,"event_name":"Ghosts","floor":27,"gold_loss":0,"cards_obtained":["Ghostly","Ghostly","Ghostly"]},{"cards_removed":["Strike_B"],"damage_healed":0,"gold_gain":0,"player_choice":"Purged","damage_taken":0,"max_hp_gain":0,"max_hp_loss":0,"event_name":"Purifier","floor":37,"gold_loss":0},{"damage_healed":0,"gold_gain":0,"player_choice":"Max HP","damage_taken":0,"max_hp_gain":0,"max_hp_loss":2,"event_name":"Winding Halls","floor":38,"gold_loss":0},{"cards_removed":["Strike_B"],"damage_healed":0,"gold_gain":0,"player_choice":"Offered Basic","damage_taken":0,"max_hp_gain":0,"max_hp_loss":0,"event_name":"Bonfire Elementals","floor":42,"gold_loss":0}],"is_beta":false,"boss_relics":[{"not_picked":["SacredBark","Tiny House"],"picked":"Sozu"},{"not_picked":["Astrolabe","Velvet Choker"],"picked":"FrozenCore"}],"items_purged_floors":[5,36],"is_endless":false,"potions_floor_spawned":[1,2,4,12,13,19,33,35],"killed_by":"Nemesis","ascension_level":20,"potion_discard_per_floor":[[],[],[],[],[],[],[],[],[],[],["Fire Potion"],[],[],[],[],[],[],[],[],[],[],[],[],[],[],[],[],[],[],[],[],[],[],[],[],[],[],[],[],[],[],[],[],[],[]]}