{"neow_bonuses_skipped_log":["TEN_PERCENT_HP_BONUS","THREE_RARE_CARDS","BOSS_RELIC"],"potions_obtained_entropic_brew":[[],[],[],[],[],[],[],[],[],[],[],["Swift Potion","Weak Potion"],[],[],[],[],[],[],[],[],[],[],[]],"neow_costs_skipped_log":["NONE","CURSE","NONE"],"gold_per_floor":[110,110,128,141,162,162,205,205,278,278,318,341,1,21,21,111,111,134,153,153,8,26,26],"floor_reached":23,"playtime":2177,"items_purged":["Defend_B"],"score":406,"play_id":"c5965ad3-8334-436a-b021-321774bbbd79","local_time":"20240411152458","score_breakdown":["Floors Climbed (23): 115","Enemies Slain (9): 18","Exordium Elites Killed (2): 20","City Elites Killed (0): 0","Bosses Slain (1): 50","Ascension (20): 203"],"is_ascension_mode":true,"potions_obtained_alchemize":[[],[],[],[],[],[],[],[],[],[],[],[],[],[],[],[],[],[],[],[],[],[],[]],"campfire_choices":[{"data":"Sunder","floor":6,"key":"SMITH"},{"data":"Defragment","floor":8,"key":"SMITH"},{"floor":15,"key":"REST"}],"lesson_learned_per_floor":[[],[],[],[],[],[],[],[],[],[],[],[],[],[],[],[],[],[],[],[],[],[],[]],"neow_cost":"NONE","improvable_cards":{},"seed_source_timestamp":0,"shop_contents":[{"floor":13,"relics":["Bottled Lightning"],"cards":["Scrape","Stack","Storm","Jack Of All Trades","Transmutation"],"potions":["SkillPotion","PowerPotion"]},{"floor":21,"relics":["InkBottle","Mercury Hourglass","ClockworkSouvenir"],"cards":["Doom and Gloom","Scrape","Coolheaded","Dark Shackles"],"potions":["Energy Potion","LiquidMemories","EssenceOfDarkness"]}],"circlet_count":0,"master_deck":["AscendersBane","Strike_B","Strike_B","Strike_B","Strike_B","Defend_B","Defend_B","Zap","Dualcast","Hologram","Ball Lightning","Hello World","Sunder+1","Defragment+1","Steam","Sweeping Beam","Undo","Redo","Ball Lightning","Compile Driver","Rainbow","Defragment","Glacier","Apotheosis","Heatsinks","Hologram","Skim"],"special_seed":0,"potion_use_per_floor":[[],[],[],[],[],[],["Fire Potion"],[],[],[],["SkillPotion"],["EntropicBrew","Weak Potion"],[],[],[],[],[],[],["AttackPotion"],[],[],[],["Fire Potion"]],"relics":["Sundial","Golden Idol","Question Card","MealTicket","Membership Card","Centennial Puzzle","Sozu","Nloth\u0027s Gift"],"potions_floor_usage":[7,11,12,12,19,23],"damage_taken":[{"damage":9,"enemies":"Jaw Worm","floor":1,"turns":4},{"damage":0,"enemies":"Cultist","floor":3,"turns":3},{"damage":4,"enemies":"Small Slimes","floor":4,"turns":3},{"damage":8,"enemies":"Looter","floor":5,"turns":2},{"damage":12,"enemies":"Lagavulin","floor":7,"turns":6},{"damage":29,"enemies":"Gremlin Nob","floor":11,"turns":4},{"damage":0,"enemies":"Blue Slaver","floor":12,"turns":3},{"damage":0,"enemies":"Gremlin Gang","floor":14,"turns":2},{"damage":17,"enemies":"Slime Boss","floor":16,"turns":7},{"damage":3,"enemies":"Shell Parasite","floor":18,"turns":4},{"damage":2,"enemies":"Chosen","floor":19,"turns":3},{"damage":25,"enemies":"Snake Plant","floor":22,"turns":5},{"damage":39,"enemies":"Book of Stabbing","floor":23,"turns":5}],"green_key_taken_log":7,"seed_played":"1622043416392939092","neow_bonus_log":{"cardsObtained":[],"cardsUpgraded":[],"cardsRemoved":[],"cardsTransformed":[],"relicsObtained":[],"maxHpGained":0,"goldGained":0,"damageTaken":0,"goldLost":0,"maxHpLost":0},"potions_obtained":[{"floor":4,"key":"Fire Potion"},{"floor":7,"key":"SkillPotion"},{"floor":11,"key":"EntropicBrew"},{"floor":16,"key":"AttackPotion"}],"is_trial":false,"path_per_floor":["M","?","M","M","M","R","E","R","T","?","E","M","$","M","R","B",null,"M","M","?","$","M","E"],"character_chosen":"DEFECT","basemod:card_modifiers":[null,null,null,null,null,null,null,null,null,null,null,null,null,null,null,null,null,null,null,null,null,null,null,null,null,null,null],"items_purchased":["Membership Card","Centennial Puzzle","Fire Potion","Redo","Ball Lightning","Apotheosis","Heatsinks","Hologram"],"campfire_rested":1,"item_purchase_floors":[13,13,13,13,13,21,21,21],"current_hp_per_floor":[55,55,55,51,43,43,31,31,31,31,2,2,17,17,36,19,53,50,48,48,63,38,0],"gold":26,"neow_bonus":"THREE_CARDS","is_prod":false,"is_daily":false,"rewards_skipped":[{"floor":14,"relics":[],"potions":["CultistPotion"]},{"floor":22,"relics":[],"potions":["DuplicationPotion"]}],"chose_seed":false,"campfire_upgraded":2,"win_rate":0,"floor_exit_playtime":[849,865,913,977,1044,1062,1177,1189,1193,1252,1362,1422,1517,1572,1577,1721,1770,1873,1956,1969,1996,2091],"timestamp":1712863498,"path_taken":["M","?","M","M","M","R","E","R","T","?","E","?","$","M","R","BOSS","M","?","?","$","M","E"],"build_version":"2022-12-01","purchased_purges":1,"victory":false,"max_hp_per_floor":[71,64,64,64,64,64,64,64,64,64,64,64,64,64,64,64,64,64,64,64,64,64,64],"relic_stats":{"Sozu":1,"Centennial Puzzle":[15],"counters":[13,51],"Sundial":[2],"Golden Idol":68,"MealTicket":30,"Nloth\u0027s Gift":1,"Membership Card":325,"Question Card":7,"obtain_stats":[{"Sozu":17,"Centennial Puzzle":13,"Golden Idol":2,"Sundial":9,"MealTicket":11,"Nloth\u0027s Gift":20,"Membership Card":13,"Cracked Core":0,"Question Card":7},{"Sozu":9,"Centennial Puzzle":7,"Golden Idol":1,"Sundial":5,"MealTicket":6,"Nloth\u0027s Gift":11,"Membership Card":7,"Cracked Core":0,"Question Card":5},{"Sozu":34,"Centennial Puzzle":25,"Golden Idol":4,"Sundial":18,"MealTicket":22,"Nloth\u0027s Gift":41,"Membership Card":25,"Cracked Core":0,"Question Card":18}]},"card_choices":[{"not_picked":["Aggregate","Fusion"],"picked":"Hologram","floor":0.0},{"not_picked":["Stack","Darkness"],"picked":"Ball Lightning","floor":1},{"not_picked":["Steam","Coolheaded"],"picked":"Hello World","floor":3},{"not_picked":["Compile Driver","Leap"],"picked":"Sunder","floor":4},{"not_picked":["Gash","Darkness","Stack"],"picked":"SKIP","floor":5},{"not_picked":["Rebound","Beam Cell"],"picked":"Defragment","floor":7},{"not_picked":["Conserve Battery","Machine Learning","Fusion"],"picked":"Sweeping Beam","floor":11},{"not_picked":["Sunder","Compile Driver","Rebound"],"picked":"Undo","floor":12},{"not_picked":["Redo","Leap","Go for the Eyes"],"picked":"Compile Driver","floor":14},{"not_picked":["Creative AI","Reboot","Amplify"],"picked":"Rainbow","floor":16},{"not_picked":["Steam","Cold Snap","Streamline"],"picked":"Defragment","floor":18},{"not_picked":["Barrage","Gash","Steam"],"picked":"Glacier","floor":19},{"not_picked":["Defragment","Glacier","Meteor Strike"],"picked":"Skim","floor":22}],"player_experience":162885,"relics_obtained":[{"floor":7,"key":"Question Card"},{"floor":9,"key":"Sundial"},{"floor":11,"key":"MealTicket"}],"event_choices":[{"damage_healed":0,"gold_gain":0,"player_choice":"Lose Max HP","damage_taken":0,"relics_obtained":["Golden Idol"],"max_hp_gain":0,"max_hp_loss":7,"event_name":"Golden Idol","floor":2,"gold_loss":0},{"damage_healed":0,"gold_gain":0,"cards_transformed":["Defend_B"],"player_choice":"Change","damage_taken":0,"max_hp_gain":0,"max_hp_loss":0,"event_name":"Living Wall","floor":10,"gold_loss":0,"cards_obtained":["Steam"]},{"damage_healed":0,"gold_gain":0,"player_choice":"Traded Relic","damage_taken":0,"relics_obtained":["Nloth\u0027s Gift"],"max_hp_gain":0,"max_hp_loss":0,"event_name":"N\u0027loth","floor":20,"relics_lost":["Cracked Core"],"gold_loss":0}],"is_beta":false,"boss_relics":[{"not_picked":["Calling Bell","Ectoplasm"],"picked":"Sozu"}],"items_purged_floors":[13],"is_endless":false,"potions_floor_spawned":[4,7,11,14,16,22],"killed_by":"Book of Stabbing","ascension_level":20,"potion_discard_per_floor":[[],[],[],[],[],[],[],[],[],[],[],[],[],[],[],["Swift Potion"],[],[],[],[],[],[],[]]}