{"neow_bonuses_skipped_log":["RANDOM_COMMON_RELIC","REMOVE_TWO","BOSS_RELIC"],"neow_costs_skipped_log":["NONE","TEN_PERCENT_HP_LOSS","NONE"],"potions_obtained_entropic_brew":[[],[],[],[],[],[],[],[],[],[],[],[],[],[],[],[],[],[],[],[],[],[],[],[],[],[],[],[],[],[],[],[],[],[],[],[],[],[],[],[],[],[],[],[],[],[],[],[],[],[],[],[],[],[],[],[]],"gold_per_floor":[112,122,272,10,87,87,120,120,172,185,185,219,8,8,8,81,81,99,114,125,125,50,50,60,60,132,132,144,169,169,269,269,345,345,364,364,9,25,42,42,73,73,73,88,115,148,148,148,148,148,148,148,148,10,35,35],"floor_reached":56,"playtime":8504,"items_purged":["Doubt","Strike_B"],"score":2033,"play_id":"264c0794-76b2-42ec-88f8-6e8a83d737e3","local_time":"20240423160912","score_breakdown":["Floors Climbed (56): 280","Enemies Slain (12): 24","Exordium Elites Killed (2): 20","City Elites Killed (1): 20","Beyond Elites Killed (2): 60","Bosses Slain (4): 500","Librarian: 25","Champion (1): 25","Perfect (1): 50","C-c-c-combo: 25","Ascension (20): 1004"],"is_ascension_mode":true,"potions_obtained_alchemize":[[],[],[],[],[],[],[],[],[],[],[],[],[],[],[],[],[],[],[],[],[],[],[],[],[],[],[],[],[],[],[],[],[],[],[],[],[],[],[],[],[],[],[],[],[],[],[],[],[],[],[],[],[],[],[],[]],"campfire_choices":[{"data":"Doom and Gloom","floor":6.0,"key":"SMITH"},{"data":"Streamline","floor":8.0,"key":"SMITH"},{"floor":11.0,"key":"REST"},{"floor":15.0,"key":"REST"},{"floor":23.0,"key":"REST"},{"data":"Ghostly","floor":27.0,"key":"SMITH"},{"data":"Ghostly","floor":32.0,"key":"SMITH"},{"data":"Seek","floor":40.0,"key":"SMITH"},{"floor":42.0,"key":"RECALL"},{"floor":49.0,"key":"REST"},{"data":"Apotheosis","floor":53.0,"key":"SMITH"}],"lesson_learned_per_floor":[[],[],[],[],[],[],[],[],[],[],[],[],[],[],[],[],[],[],[],[],[],[],[],[],[],[],[],[],[],[],[],[],[],[],[],[],[],[],[],[],[],[],[],[],[],[],[],[],[],[],[],[],[],[],[],[]],"neow_cost":"NONE","improvable_cards":{},"seed_source_timestamp":0,"shop_contents":[{"floor":4,"relics":["Bottled Flame","Medical Kit"],"cards":["Streamline","Blizzard","Fusion","Storm","Good Instincts","Transmutation"],"potions":["Weak Potion","Dexterity Potion","Fruit Juice"]},{"floor":13,"relics":["Omamori","Gambling Chip"],"cards":["FTL","Ball Lightning","Stack","Double Energy","Storm","Dramatic Entrance","Secret Technique"],"potions":["SpeedPotion","Dexterity Potion"]},{"floor":37,"relics":["Pantograph","Mango"],"cards":["Gash","Sunder","White Noise","Self Repair","PanicButton","Chrysalis"],"potions":["Explosive Potion","Strength Potion","Strength Potion"]},{"floor":54,"relics":["Bag of Marbles","Lantern","Membership Card"],"cards":["Gash","Melter","Leap","Hello World","Impatience","Panache"],"potions":["FocusPotion"]}],"circlet_count":0,"master_deck":["AscendersBane","Strike_B","Strike_B","Strike_B","Defend_B+1","Defend_B+1","Defend_B","Zap","Dualcast","Streamline+1","Doom and Gloom+1","Redo","Coolheaded","Fission","Reinforced Body","Recycle","Hyperbeam","Tempest","Hologram","Steam+1","Ghostly","Ghostly+1","Ghostly+1","Fusion","Electrodynamics","Double Energy","Compile Driver","Seek+1","Fission","Compile Driver+1","Meteor Strike","Enlightenment","Apotheosis+1","Coolheaded","Heatsinks"],"special_seed":0,"potion_use_per_floor":[[],[],[],[],[],[],[],[],[],[],[],["PowerPotion"],[],[],[],[],[],[],["FearPotion"],[],[],[],[],["Explosive Potion"],[],[],[],[],["Regen Potion"],[],[],[],["Weak Potion","Swift Potion"],[],[],[],[],[],[],[],[],[],[],["Regen Potion"],[],[],[],[],[],["PotionOfCapacity"],[],[],[],[],[],["Ancient Potion","FocusPotion"]],"relics":["FrozenCore","Happy Flower","Letter Opener","Emotion Chip","Ice Cream","Frozen Eye","Nuclear Battery","Enchiridion","Cables","Tiny Chest","Dead Branch","Lee\u0027s Waffle","Vajra","Blue Candle","MealTicket","Juzu Bracelet","Mercury Hourglass"],"potions_floor_usage":[56,56],"damage_taken":[{"damage":0.0,"enemies":"Small Slimes","floor":1.0,"turns":3.0},{"damage":9.0,"enemies":"Jaw Worm","floor":2.0,"turns":3.0},{"damage":28.0,"enemies":"3 Sentries","floor":7.0,"turns":7.0},{"damage":1.0,"enemies":"2 Louse","floor":10.0,"turns":3.0},{"damage":15.0,"enemies":"Lagavulin","floor":12.0,"turns":4.0},{"damage":16.0,"enemies":"Slime Boss","floor":16.0,"turns":12.0},{"damage":6.0,"enemies":"Spheric Guardian","floor":18.0,"turns":3.0},{"damage":0.0,"enemies":"Chosen","floor":19.0,"turns":2.0},{"damage":5.0,"enemies":"Snecko","floor":20.0,"turns":4.0},{"damage":0.0,"enemies":"Cultist and Chosen","floor":24.0,"turns":3.0},{"damage":0.0,"enemies":"Snake Plant","floor":28.0,"turns":3.0},{"damage":27.0,"enemies":"Slavers","floor":29.0,"turns":5.0},{"damage":0.0,"enemies":"Colosseum Slavers","floor":31.0,"turns":2.0},{"damage":1.0,"enemies":"Colosseum Nobs","floor":31.0,"turns":3.0},{"damage":13.0,"enemies":"Champ","floor":33.0,"turns":9.0},{"damage":0.0,"enemies":"Orb Walker","floor":35.0,"turns":2.0},{"damage":0.0,"enemies":"3 Shapes","floor":38.0,"turns":4.0},{"damage":0.0,"enemies":"Sphere and 2 Shapes","floor":39.0,"turns":5.0},{"damage":3.0,"enemies":"Reptomancer","floor":41.0,"turns":3.0},{"damage":10.0,"enemies":"Jaw Worm Horde","floor":44.0,"turns":3.0},{"damage":9.0,"enemies":"Nemesis","floor":46.0,"turns":3.0},{"damage":2.0,"enemies":"Awakened One","floor":50.0,"turns":8.0},{"damage":0.0,"enemies":"Time Eater","floor":51.0,"turns":6.0},{"damage":0,"enemies":"Shield and Spear","floor":55,"turns":1},{"damage":44,"enemies":"The Heart","floor":56,"turns":8}],"green_key_taken_log":41,"seed_played":"8464275162668803343","neow_bonus_log":{"cardsObtained":[],"cardsUpgraded":[],"cardsRemoved":[],"cardsTransformed":[],"relicsObtained":[],"maxHpGained":0,"goldGained":0,"damageTaken":0,"goldLost":0,"maxHpLost":0},"potions_obtained":[{"floor":7.0,"key":"PowerPotion"},{"floor":12.0,"key":"Energy Potion"},{"floor":16.0,"key":"FearPotion"},{"floor":24.0,"key":"Weak Potion"},{"floor":28.0,"key":"Regen Potion"},{"floor":29.0,"key":"Swift Potion"},{"floor":35.0,"key":"PotionOfCapacity"},{"floor":39.0,"key":"Regen Potion"},{"floor":44.0,"key":"SteroidPotion"},{"floor":55,"key":"Ancient Potion"}],"is_trial":false,"path_per_floor":["M","M","?","$","?","R","E","R","T","M","R","E","$","?","R","B",null,"M","M","M","?","?","R","M","?","T","R","M","E","?","?","R","B",null,"M","?","$","M","M","R","E","R","T","M","T","E","?","?","R","B","B",null,"R","$","E","B"],"character_chosen":"DEFECT","basemod:card_modifiers":[null,null,null,null,null,null,null,null,null,null,null,null,null,null,null,null,null,null,null,null,null,null,null,null,null,null,null,null,null,null,null,null,null,null,null],"items_purchased":["Happy Flower","Coolheaded","Frozen Eye","Explosive Potion","Fission","Lee\u0027s Waffle","Coolheaded","FocusPotion","PowerPotion"],"campfire_rested":4,"item_purchase_floors":[4,4,13,13,37,37,54,54,54],"current_hp_per_floor":[64,55,55,55,55,55,27,27,27,26,47,32,32,11,32,16,57,51,51,46,25,25,46,46,35,35,35,35,17,17,16,16,3,27,27,27,40,40,40,40,37,37,37,32,32,23,23,18,30,28,28,37,37,40,40,0],"gold":35,"neow_bonus":"THREE_CARDS","is_prod":false,"is_daily":false,"rewards_skipped":[],"chose_seed":false,"campfire_upgraded":6,"win_rate":0,"floor_exit_playtime":[87,128,132,153,160,174,263,276,280,373,378,484,564,570,573,1062,1111,1282,1371,1512,1529,1543,1548,1720,1730,1733,1739,1820,2007,2026,2358,2378,2938,2962,3532,3592,3653,3918,4099,4109,4402,4423,4427,4599,4602,4799,4802,4868,4877,6049,6764,6847,6857,6899,7295],"timestamp":1713902952,"blue_key_relic_skipped_log":{"floor":9,"relicID":"Boot"},"path_taken":["M","M","?","$","?","R","E","R","T","M","R","E","?","?","R","BOSS","M","M","M","?","?","R","?","?","T","R","M","E","?","?","R","BOSS","M","?","$","M","M","R","E","R","T","M","?","E","?","?","R","BOSS","BOSS","R","$","E","BOSS"],"build_version":"2022-12-01","purchased_purges":2,"victory":false,"max_hp_per_floor":[71,71,71,71,71,71,71,71,71,71,71,71,71,71,71,71,71,71,71,71,71,71,71,71,35,35,35,35,35,35,35,35,35,35,35,33,40,40,40,40,40,40,40,40,40,40,40,40,40,40,40,40,40,40,40,40],"relic_stats":{"Ice Cream":[338],"Lee\u0027s Waffle":13,"Happy Flower":[34],"counters":[25,109],"Dead Branch":[102],"Blue Candle":[2],"Juzu Bracelet":0,"Letter Opener":[303],"FrozenCore":[13],"Cables":[81,34,14,8,25],"Mercury Hourglass":[24],"Frozen Eye":1899.0459,"Emotion Chip":[70,40,11,8,11],"Tiny Chest":1,"MealTicket":3,"obtain_stats":[{"Ice Cream":12,"Lee\u0027s Waffle":37,"Happy Flower":4,"Dead Branch":31,"Blue Candle":43,"Enchiridion":21,"Vajra":41,"Juzu Bracelet":46,"Letter Opener":31,"Nuclear Battery":17,"Cables":26,"FrozenCore":34,"Mercury Hourglass":55,"Frozen Eye":13,"Emotion Chip":7,"Tiny Chest":29,"MealTicket":45,"Cracked Core":0},{"Ice Cream":5,"Lee\u0027s Waffle":16,"Happy Flower":2,"Dead Branch":14,"Blue Candle":19,"Enchiridion":9,"Vajra":19,"Juzu Bracelet":21,"Letter Opener":14,"Nuclear Battery":6,"Cables":10,"FrozenCore":15,"Mercury Hourglass":24,"Frozen Eye":5,"Emotion Chip":3,"Tiny Chest":12,"MealTicket":20,"Cracked Core":0},{"Ice Cream":20,"Lee\u0027s Waffle":68,"Happy Flower":6,"Dead Branch":57,"Blue Candle":80,"Enchiridion":41,"Vajra":80,"Juzu Bracelet":86,"Letter Opener":57,"Nuclear Battery":32,"Cables":44,"FrozenCore":66,"Mercury Hourglass":101,"Frozen Eye":20,"Emotion Chip":13,"Tiny Chest":52,"MealTicket":83,"Cracked Core":0}]},"card_choices":[{"not_picked":["Hologram","Stack"],"picked":"Streamline","floor":0.0},{"not_picked":["Cold Snap","Leap"],"picked":"Doom and Gloom","floor":1.0},{"not_picked":["Ball Lightning","Barrage"],"picked":"Redo","floor":2.0},{"not_picked":["Beam Cell","Go for the Eyes"],"picked":"Fission","floor":7.0},{"not_picked":["Darkness","FTL"],"picked":"Reinforced Body","floor":10.0},{"not_picked":["Melter","Gash"],"picked":"Recycle","floor":12.0},{"not_picked":["Core Surge","Creative AI"],"picked":"Hyperbeam","floor":16.0},{"not_picked":["Coolheaded","Aggregate"],"picked":"Tempest","floor":18.0},{"not_picked":["Barrage","Steam"],"picked":"Hologram","floor":19.0},{"not_picked":["Conserve Battery","Stack+1"],"picked":"Steam+1","floor":20.0},{"not_picked":["Sunder","Force Field","Storm"],"picked":"SKIP","floor":24.0},{"not_picked":["Turbo","Gash"],"picked":"Fusion","floor":28.0},{"not_picked":["Force Field+1","BootSequence"],"picked":"Electrodynamics","floor":29.0},{"not_picked":["Conserve Battery","Storm","Hologram","Capacitor","Aggregate","Ball Lightning","Sweeping Beam","Redo","Turbo","White Noise","Beam Cell","Compile Driver","Steam Power","Go for the Eyes","Loop","Fusion","Recycle","Gash","Chaos"],"picked":"Double Energy","floor":30.0},{"not_picked":["Genetic Algorithm+1","Scrape"],"picked":"Compile Driver","floor":31.0},{"not_picked":["Creative AI","Core Surge"],"picked":"Seek","floor":33.0},{"not_picked":["Sunder+1","Conserve Battery+1","Rebound"],"picked":"SKIP","floor":35.0},{"not_picked":["Barrage","Doom and Gloom"],"picked":"Compile Driver+1","floor":38.0},{"not_picked":["Darkness","Cold Snap","Lockon+1"],"picked":"SKIP","floor":39.0},{"not_picked":["Streamline+1","Redo","Leap"],"picked":"SKIP","floor":41.0},{"not_picked":["Rebound","BootSequence","FTL"],"picked":"SKIP","floor":44.0},{"not_picked":["BootSequence","Aggregate"],"picked":"Meteor Strike","floor":46.0},{"not_picked":["Impatience","Forethought"],"picked":"Enlightenment","floor":48.0},{"not_picked":["Panacea","The Bomb"],"picked":"Apotheosis","floor":48.0},{"not_picked":["Force Field","Barrage"],"picked":"Heatsinks","floor":55}],"player_experience":179820,"relics_obtained":[{"floor":7.0,"key":"Emotion Chip"},{"floor":12.0,"key":"Ice Cream"},{"floor":21.0,"key":"Enchiridion"},{"floor":26.0,"key":"Cables"},{"floor":29.0,"key":"Tiny Chest"},{"floor":31.0,"key":"Letter Opener"},{"floor":31.0,"key":"Dead Branch"},{"floor":41.0,"key":"Vajra"},{"floor":43.0,"key":"Blue Candle"},{"floor":45.0,"key":"MealTicket"},{"floor":46.0,"key":"Juzu Bracelet"},{"floor":55,"key":"Mercury Hourglass"}],"event_choices":[{"damage_healed":0.0,"max_hp_gain":0.0,"max_hp_loss":0.0,"gold_gain":150.0,"event_name":"Liars Game","player_choice":"AGREE","floor":3.0,"gold_loss":0.0,"damage_taken":0.0,"cards_obtained":["Doubt"]},{"damage_healed":0.0,"max_hp_gain":0.0,"max_hp_loss":0.0,"gold_gain":77.0,"event_name":"Golden Wing","player_choice":"Gained Gold","floor":5.0,"gold_loss":0.0,"damage_taken":0.0},{"damage_healed":0.0,"max_hp_gain":0.0,"max_hp_loss":0.0,"gold_gain":0.0,"event_name":"Shining Light","player_choice":"Entered Light","floor":14.0,"gold_loss":0.0,"damage_taken":21.0,"cards_upgraded":["Defend_B","Defend_B"]},{"damage_healed":0.0,"max_hp_gain":0.0,"max_hp_loss":0.0,"gold_gain":0.0,"event_name":"Cursed Tome","player_choice":"Obtained Book","floor":21.0,"gold_loss":0.0,"damage_taken":21.0},{"cards_removed":["Defend_B"],"damage_healed":0.0,"max_hp_gain":0.0,"max_hp_loss":0.0,"gold_gain":0.0,"event_name":"Beggar","player_choice":"Gave Gold","floor":22.0,"gold_loss":75.0,"damage_taken":0.0},{"damage_healed":0.0,"max_hp_gain":0.0,"max_hp_loss":36.0,"gold_gain":0.0,"event_name":"Ghosts","player_choice":"Became a Ghost","floor":25.0,"gold_loss":0.0,"damage_taken":0.0,"cards_obtained":["Ghostly","Ghostly","Ghostly"]},{"damage_healed":0.0,"max_hp_gain":0.0,"max_hp_loss":0.0,"gold_gain":0.0,"event_name":"The Library","player_choice":"Read","floor":30.0,"gold_loss":0.0,"damage_taken":0.0,"cards_obtained":["Double Energy"]},{"damage_healed":0.0,"max_hp_gain":0.0,"max_hp_loss":0.0,"gold_gain":0.0,"event_name":"Colosseum","player_choice":"Fight","floor":31.0,"gold_loss":0.0,"damage_taken":0.0},{"damage_healed":0.0,"max_hp_gain":0.0,"max_hp_loss":0.0,"gold_gain":0.0,"event_name":"Colosseum","player_choice":"Fought Nobs","floor":31.0,"gold_loss":0.0,"damage_taken":0.0},{"damage_healed":0.0,"max_hp_gain":0.0,"max_hp_loss":2.0,"gold_gain":0.0,"event_name":"Winding Halls","player_choice":"Max HP","floor":36.0,"gold_loss":0.0,"damage_taken":0.0},{"damage_healed":0.0,"max_hp_gain":0.0,"max_hp_loss":0.0,"gold_gain":0.0,"event_name":"Tomb of Lord Red Mask","player_choice":"Ignored","floor":47.0,"gold_loss":0.0,"damage_taken":0.0},{"damage_healed":0.0,"max_hp_gain":0.0,"max_hp_loss":0.0,"gold_gain":0.0,"event_name":"SensoryStone","player_choice":"Memory 2","floor":48.0,"gold_loss":0.0,"damage_taken":5.0}],"is_beta":false,"boss_relics":[{"not_picked":["Fusion Hammer","Ectoplasm"],"picked":"Nuclear Battery"},{"not_picked":["Black Star","SlaversCollar"],"picked":"FrozenCore"}],"items_purged_floors":[4,37],"is_endless":false,"potions_floor_spawned":[7,12,16,24,28,29,31,35,39,44,55],"killed_by":"The Heart","ascension_level":20,"potion_discard_per_floor":[[],[],[],[],[],[],[],[],[],[],[],[],[],[],[],["Energy Potion"],[],[],[],[],[],[],[],[],[],[],[],[],[],[],[],[],[],[],[],[],[],[],[],[],[],[],[],[],[],[],[],[],[],[],[],[],[],["SteroidPotion"],["PowerPotion"],[]]}