{"neow_bonuses_skipped_log":["ONE_RANDOM_RARE_CARD","REMOVE_TWO","BOSS_RELIC"],"neow_costs_skipped_log":["NONE","NO_GOLD","NONE"],"potions_obtained_entropic_brew":[[],[],[],[],[],[],[],[],[],[],[],[],[],[],[],[],[],[],[],[],[],[],[],[],[],[],[],[],[],[],[],[],[],[],[],[],[],[],[],[],[],[],[],[],[],[],[],[],[],[],[]],"gold_per_floor":[113,131,143,155,155,155,185,197,197,230,22,38,56,82,82,159,159,172,122,42,61,73,73,103,103,156,49,82,82,4,19,19,97,97,108,78,78,91,111,111,145,145,168,33,63,63,63,80,80,80,80],"floor_reached":51,"playtime":7516,"items_purged":["Defend_B","Defend_B","Strike_B","Strike_B","Strike_B"],"score":1480,"play_id":"904181d6-bfe7-4d71-90c9-26e94dcdba87","local_time":"20240418225904","falling_options_log":["Fission","Storm+1"],"score_breakdown":["Floors Climbed (51): 255","Enemies Slain (15): 30","Exordium Elites Killed (3): 30","City Elites Killed (2): 40","Beyond Elites Killed (2): 60","Bosses Slain (3): 300","Champion (1): 25","Ascension (20): 740"],"is_ascension_mode":true,"potions_obtained_alchemize":[[],[],[],[],[],[],[],[],[],[],[],[],[],[],[],[],[],[],[],[],[],[],[],[],[],[],[],[],[],[],[],[],[],[],[],[],[],[],[],[],[],[],[],[],[],[],[],[],[],[],[]],"campfire_choices":[{"data":"Zap","floor":6.0,"key":"SMITH"},{"data":"Heatsinks","floor":15.0,"key":"SMITH"},{"data":"Double Energy","floor":23.0,"key":"SMITH"},{"data":"Barrage","floor":29.0,"key":"SMITH"},{"floor":32.0,"key":"REST"},{"data":"Recycle","floor":40.0,"key":"SMITH"},{"data":"Go for the Eyes","floor":42.0,"key":"SMITH"},{"floor":46.0,"key":"RECALL"},{"floor":49,"key":"REST"}],"lesson_learned_per_floor":[[],[],[],[],[],[],[],[],[],[],[],[],[],[],[],[],[],[],[],[],[],[],[],[],[],[],[],[],[],[],[],[],[],[],[],[],[],[],[],[],[],[],[],[],[],[],[],[],[],[],[]],"neow_cost":"NONE","improvable_cards":{},"seed_source_timestamp":0,"shop_contents":[{"floor":11,"relics":["Shuriken","Juzu Bracelet"],"cards":["Rip and Tear","Gash","Turbo","Tempest","Heatsinks","Panacea","Thinking Ahead"],"potions":["AttackPotion","AttackPotion","LiquidBronze"]},{"floor":19,"relics":["Pocketwatch","Girya","DollysMirror"],"cards":["Compile Driver","Rip and Tear","Darkness","Chaos","Self Repair","Jack Of All Trades","Chrysalis"],"potions":["AttackPotion","Fire Potion","Ancient Potion"]},{"floor":27,"relics":["Incense Burner","FossilizedHelix","Cauldron"],"cards":["Streamline","Cold Snap","Leap","Glacier","Hello World","PanicButton","Panache"],"potions":["LiquidBronze","Dexterity Potion"]},{"floor":30,"relics":["Art of War","Vajra","Frozen Eye"],"cards":["Core Surge","Auto Shields","Conserve Battery","Loop","Mind Blast","The Bomb"],"potions":["Dexterity Potion","Explosive Potion","PotionOfCapacity"]},{"floor":44,"relics":["Orichalcum","Lantern","TheAbacus"],"cards":["Scrape","Go for the Eyes","Skim","Undo","Flash of Steel","The Bomb"],"potions":["PowerPotion","Fire Potion","Dexterity Potion"]}],"circlet_count":0,"master_deck":["AscendersBane","Strike_B","Defend_B","Defend_B","Zap+1","Dualcast","Undo","Ball Lightning","Heatsinks+1","Chill","Self Repair","Hologram","Darkness","Coolheaded","Core Surge","Hologram+1","Double Energy+1","Fission","Storm+1","Barrage+1","Go for the Eyes+1","Sunder","Reboot","Storm+1","Recycle+1","Barrage+1","Defragment","Compile Driver+1"],"special_seed":0,"potion_use_per_floor":[[],[],[],[],[],[],[],[],[],["PowerPotion"],[],[],["Fruit Juice"],[],[],[],[],[],[],["Swift Potion"],[],["SpeedPotion"],[],["FocusPotion"],[],[],[],["Fire Potion"],[],[],[],[],[],[],[],[],[],[],[],[],["DuplicationPotion"],[],[],[],["SteroidPotion"],[],[],[],[],["LiquidMemories"],["DuplicationPotion"]],"relics":["Cracked Core","Kunai","Happy Flower","Ornamental Fan","Smiling Mask","CaptainsWheel","HornCleat","Unceasing Top","Runic Capacitor","Runic Pyramid","Toy Ornithopter","DataDisk","Question Card","SlaversCollar"],"potions_floor_usage":[50,51],"damage_taken":[{"damage":2.0,"enemies":"Jaw Worm","floor":1.0,"turns":3.0},{"damage":1.0,"enemies":"Cultist","floor":2.0,"turns":5.0},{"damage":1.0,"enemies":"Small Slimes","floor":3.0,"turns":3.0},{"damage":0.0,"enemies":"Blue Slaver","floor":4.0,"turns":3.0},{"damage":5.0,"enemies":"3 Sentries","floor":7.0,"turns":9.0},{"damage":15.0,"enemies":"Large Slime","floor":8.0,"turns":5.0},{"damage":4.0,"enemies":"Lagavulin","floor":10.0,"turns":6.0},{"damage":1.0,"enemies":"2 Fungi Beasts","floor":12.0,"turns":5.0},{"damage":0.0,"enemies":"Looter","floor":13.0,"turns":3.0},{"damage":13.0,"enemies":"Gremlin Nob","floor":14.0,"turns":4.0},{"damage":13.0,"enemies":"Slime Boss","floor":16.0,"turns":5.0},{"damage":0.0,"enemies":"Spheric Guardian","floor":18.0,"turns":4.0},{"damage":13.0,"enemies":"2 Thieves","floor":20.0,"turns":4.0},{"damage":20.0,"enemies":"Centurion and Healer","floor":21.0,"turns":11.0},{"damage":21.0,"enemies":"Snake Plant","floor":22.0,"turns":5.0},{"damage":18.0,"enemies":"Book of Stabbing","floor":24.0,"turns":5.0},{"damage":13.0,"enemies":"Gremlin Leader","floor":28.0,"turns":5.0},{"damage":22.0,"enemies":"Snecko","floor":31.0,"turns":6.0},{"damage":26.0,"enemies":"Automaton","floor":33.0,"turns":8.0},{"damage":10.0,"enemies":"3 Darklings","floor":35.0,"turns":4.0},{"damage":11.0,"enemies":"Orb Walker","floor":38.0,"turns":3.0},{"damage":15.0,"enemies":"Maw","floor":39.0,"turns":7.0},{"damage":38.0,"enemies":"Reptomancer","floor":41.0,"turns":5.0},{"damage":0.0,"enemies":"Giant Head","floor":45.0,"turns":4.0},{"damage":30,"enemies":"Transient","floor":48,"turns":6},{"damage":31,"enemies":"Awakened One","floor":50,"turns":16},{"damage":26,"enemies":"Donu and Deca","floor":51,"turns":6}],"green_key_taken_log":41,"seed_played":"-5532296144363064880","neow_bonus_log":{"cardsObtained":[],"cardsUpgraded":[],"cardsRemoved":[],"cardsTransformed":[],"relicsObtained":["Smiling Mask"],"maxHpGained":0,"goldGained":0,"damageTaken":0,"goldLost":0,"maxHpLost":0},"potions_obtained":[{"floor":2.0,"key":"Swift Potion"},{"floor":4.0,"key":"PowerPotion"},{"floor":10.0,"key":"Fruit Juice"},{"floor":13.0,"key":"Explosive Potion"},{"floor":16.0,"key":"DistilledChaos"},{"floor":18.0,"key":"DuplicationPotion"},{"floor":21.0,"key":"SpeedPotion"},{"floor":22.0,"key":"FocusPotion"},{"floor":35.0,"key":"Block Potion"},{"floor":36.0,"key":"DuplicationPotion"},{"floor":41.0,"key":"SteroidPotion"},{"floor":45.0,"key":"LiquidMemories"}],"is_trial":false,"path_per_floor":["M","M","M","M","?","R","E","M","T","E","$","M","M","E","R","B",null,"M","$","M","M","M","R","E","?","T","$","E","R","$","M","R","B",null,"M","?","?","M","M","R","E","R","T","$","E","R","?","M","R","B","B"],"character_chosen":"DEFECT","basemod:card_modifiers":[null,null,null,null,null,null,null,null,null,null,null,null,null,null,null,null,null,null,null,null,null,null,null,null,null,null,null,null],"items_purchased":["Runic Capacitor","Fire Potion","Go for the Eyes","Defragment"],"campfire_rested":2,"item_purchase_floors":[11,27,30,44],"current_hp_per_floor":[62,61,60,60,65,65,60,52,52,55,55,61,73,67,67,61,76,81,81,75,62,48,48,37,37,37,37,36,36,36,21,45,26,67,64,64,64,60,52,52,26,26,26,26,38,38,38,15,38,19,0],"gold":80,"neow_bonus":"RANDOM_COMMON_RELIC","is_prod":false,"is_daily":false,"rewards_skipped":[{"floor":36,"relics":[],"potions":["Strength Potion"]},{"floor":39,"relics":[],"potions":["SmokeBomb"]}],"chose_seed":false,"campfire_upgraded":6,"win_rate":0,"floor_exit_playtime":[162,209,260,322,326,351,496,555,562,655,674,748,796,874,903,1004,1035,1115,1163,1288,1450,1717,1840,2368,2374,2377,2470,3624,3662,3723,3939,4029,4514,4637,4867,4881,4899,4961,5256,5263,5497,5526,5532,5559,5791,5795,5853,6105,6109,6997],"timestamp":1713495544,"blue_key_relic_skipped_log":{"floor":43,"relicID":"Anchor"},"path_taken":["M","M","M","M","?","R","E","M","T","E","$","M","M","E","R","BOSS","M","$","M","M","M","R","E","?","T","$","E","R","$","?","R","BOSS","M","?","?","M","M","R","E","R","T","$","E","R","?","?","R","BOSS","BOSS"],"build_version":"2022-12-01","purchased_purges":5,"victory":false,"max_hp_per_floor":[71,71,71,71,76,76,76,76,76,76,76,76,81,81,81,81,81,81,81,81,81,81,81,81,81,81,81,81,81,81,81,81,81,81,81,81,81,81,81,81,81,81,81,81,81,81,77,77,77,77,77],"relic_stats":{"Happy Flower":[10],"counters":[27,150],"Ornamental Fan":[132],"Kunai":[16],"Smiling Mask":375,"Question Card":9,"obtain_stats":[{"Happy Flower":41,"Runic Capacitor":11,"Smiling Mask":0,"Question Card":28,"SlaversCollar":34,"CaptainsWheel":7,"DataDisk":26,"HornCleat":9,"Ornamental Fan":14,"Kunai":45,"Cracked Core":0,"Unceasing Top":10,"Toy Ornithopter":24,"Runic Pyramid":17},{"Happy Flower":23,"Runic Capacitor":7,"Smiling Mask":0,"Question Card":17,"SlaversCollar":19,"CaptainsWheel":5,"DataDisk":16,"HornCleat":6,"Ornamental Fan":10,"Kunai":24,"Cracked Core":0,"Unceasing Top":7,"Toy Ornithopter":16,"Runic Pyramid":11},{"Happy Flower":118,"Runic Capacitor":34,"Smiling Mask":0,"Question Card":85,"SlaversCollar":99,"CaptainsWheel":23,"DataDisk":80,"HornCleat":28,"Ornamental Fan":46,"Kunai":122,"Cracked Core":0,"Unceasing Top":34,"Toy Ornithopter":80,"Runic Pyramid":51}],"Unceasing Top":[0],"Toy Ornithopter":25},"card_choices":[{"not_picked":["Hologram","Cold Snap"],"picked":"Undo","floor":1.0},{"not_picked":["Darkness","Gash"],"picked":"Ball Lightning","floor":2.0},{"not_picked":["Stack","Gash"],"picked":"Heatsinks","floor":3.0},{"not_picked":["Coolheaded","Double Energy"],"picked":"Chill","floor":4.0},{"not_picked":["Stack","Leap"],"picked":"Self Repair","floor":7.0},{"not_picked":["Stack","Multi-Cast"],"picked":"Hologram","floor":8.0},{"not_picked":["Chill","Rebound"],"picked":"Compile Driver","floor":10.0},{"not_picked":["Stack","Leap","Conserve Battery"],"picked":"SKIP","floor":12.0},{"not_picked":["Go for the Eyes","Barrage"],"picked":"Darkness","floor":13.0},{"not_picked":["Go for the Eyes","Leap"],"picked":"Coolheaded","floor":14.0},{"not_picked":["Thunder Strike","Meteor Strike"],"picked":"Core Surge","floor":16.0},{"not_picked":["Reprogram+1","Barrage"],"picked":"Hologram+1","floor":18.0},{"not_picked":["Steam","BootSequence"],"picked":"Double Energy","floor":20.0},{"not_picked":["Static Discharge","Conserve Battery"],"picked":"Fission","floor":21.0},{"not_picked":["Glacier","Leap"],"picked":"Storm+1","floor":22.0},{"not_picked":["Scrape","Chill+1","Melter"],"picked":"SKIP","floor":24.0},{"not_picked":["Melter","Ball Lightning"],"picked":"Barrage","floor":28.0},{"not_picked":["Conserve Battery","Leap","BootSequence"],"picked":"Sunder","floor":31.0},{"not_picked":["Buffer","Fission","Core Surge"],"picked":"Reboot","floor":33.0},{"not_picked":["Turbo","Auto Shields","Compile Driver+1"],"picked":"Storm+1","floor":35.0},{"not_picked":["Go for the Eyes","Lockon","Melter","Leap+1"],"picked":"SKIP","floor":38.0},{"not_picked":["Barrage","Beam Cell","Capacitor"],"picked":"Recycle","floor":39.0},{"not_picked":["Tempest","Storm","Hologram"],"picked":"Barrage+1","floor":41.0},{"not_picked":["Rip and Tear","Sweeping Beam","Coolheaded"],"picked":"Compile Driver+1","floor":45.0},{"not_picked":["Scrape+1","Coolheaded","Compile Driver","Sweeping Beam"],"picked":"SKIP","floor":48},{"not_picked":["Scrape+1","Coolheaded","Compile Driver","Sweeping Beam"],"picked":"SKIP","floor":48}],"player_experience":183298,"relics_obtained":[{"floor":7.0,"key":"CaptainsWheel"},{"floor":9.0,"key":"HornCleat"},{"floor":10.0,"key":"Unceasing Top"},{"floor":14.0,"key":"Ornamental Fan"},{"floor":24.0,"key":"Toy Ornithopter"},{"floor":26.0,"key":"DataDisk"},{"floor":28.0,"key":"Question Card"},{"floor":41.0,"key":"Happy Flower"},{"floor":45.0,"key":"Kunai"}],"event_choices":[{"damage_healed":0.0,"max_hp_gain":5.0,"max_hp_loss":0.0,"gold_gain":0.0,"event_name":"Big Fish","player_choice":"Donut","floor":5.0,"gold_loss":0.0,"damage_taken":0.0},{"damage_healed":0.0,"max_hp_gain":0.0,"max_hp_loss":0.0,"gold_gain":0.0,"event_name":"Cursed Tome","player_choice":"Ignored","floor":25.0,"gold_loss":0.0,"damage_taken":0.0},{"damage_healed":0.0,"max_hp_gain":0.0,"max_hp_loss":0.0,"gold_gain":0.0,"event_name":"The Woman in Blue","player_choice":"Bought 2 Potions","floor":36.0,"gold_loss":0.0,"damage_taken":0.0},{"cards_removed":["Compile Driver"],"damage_healed":0.0,"max_hp_gain":0.0,"max_hp_loss":0.0,"gold_gain":0.0,"event_name":"Falling","player_choice":"Removed Attack","floor":37.0,"gold_loss":0.0,"damage_taken":0.0},{"damage_healed":0,"gold_gain":0,"player_choice":"Max HP","damage_taken":0,"max_hp_gain":0,"max_hp_loss":4,"event_name":"Winding Halls","floor":47,"gold_loss":0}],"is_beta":false,"boss_relics":[{"not_picked":["Sozu","Inserter"],"picked":"Runic Pyramid"},{"not_picked":["SacredBark","Philosopher\u0027s Stone"],"picked":"SlaversCollar"}],"items_purged_floors":[11,19,27,30,44],"is_endless":false,"potions_floor_spawned":[2,4,10,13,16,18,21,22,35,39,41,45],"killed_by":"Donu and Deca","ascension_level":20,"potion_discard_per_floor":[[],[],[],[],[],[],[],[],[],[],[],[],[],[],[],["Explosive Potion"],[],["DistilledChaos"],[],[],[],[],[],[],[],[],[],[],[],[],[],[],[],[],[],["Block Potion"],[],[],[],[],[],[],[],[],[],[],[],[],[],[],[]]}