{"neow_bonuses_skipped_log":["ONE_RANDOM_RARE_CARD","THREE_ENEMY_KILL","BOSS_RELIC"],"neow_costs_skipped_log":["NONE","NONE","NONE"],"potions_obtained_entropic_brew":[[],[],[],[],[],[],[]],"gold_per_floor":[117,132,151,169,121,148,148],"floor_reached":7,"playtime":408,"items_purged":[],"score":106,"play_id":"554eaf18-7073-4651-9123-121cb6020958","local_time":"20240516154306","score_breakdown":["Floors Climbed (7): 35","Enemies Slain (4): 8","Exordium Elites Killed (1): 10","Bosses Slain (0): 0","Ascension (20): 53"],"is_ascension_mode":true,"potions_obtained_alchemize":[[],[],[],[],[],[],[]],"campfire_choices":[],"lesson_learned_per_floor":[[],[],[],[],[],[],[]],"neow_cost":"PERCENT_DAMAGE","improvable_cards":{"Genetic Algorithm":[11]},"seed_source_timestamp":280178361015041,"shop_contents":[],"circlet_count":0,"master_deck":["AscendersBane","Strike_B","Strike_B","Strike_B","Defend_B","Defend_B","Defend_B","Zap","Dualcast","Genetic Algorithm","Ball Lightning","Cold Snap","Doom and Gloom","Steam Power"],"potion_use_per_floor":[[],[],[],[],[],["Strength Potion","Explosive Potion"],[]],"relics":["Cracked Core","Prayer Wheel"],"potions_floor_usage":[6,6],"damage_taken":[{"damage":0,"enemies":"Cultist","floor":1,"turns":3},{"damage":6,"enemies":"Jaw Worm","floor":2,"turns":3},{"damage":4,"enemies":"2 Louse","floor":3,"turns":3},{"damage":13,"enemies":"Exordium Wildlife","floor":4,"turns":5},{"damage":13,"enemies":"Lagavulin","floor":6,"turns":5},{"damage":10,"enemies":"Exordium Thugs","floor":7,"turns":2}],"seed_played":"4137524843506256604","neow_bonus_log":{"cardsObtained":[],"cardsUpgraded":[],"cardsRemoved":["Strike_B","Defend_B"],"cardsTransformed":[],"relicsObtained":[],"maxHpGained":0,"goldGained":0,"damageTaken":18,"goldLost":0,"maxHpLost":0},"potions_obtained":[{"floor":2,"key":"Strength Potion"},{"floor":3,"key":"Explosive Potion"}],"is_trial":false,"path_per_floor":["M","M","M","M","?","E","M"],"character_chosen":"DEFECT","basemod:card_modifiers":[null,null,null,null,null,null,null,null,null,null,null,null,null,null],"items_purchased":[],"campfire_rested":0,"item_purchase_floors":[],"current_hp_per_floor":[46,40,36,23,23,10,0],"gold":148,"neow_bonus":"REMOVE_TWO","is_prod":false,"is_daily":false,"rewards_skipped":[],"chose_seed":false,"campfire_upgraded":0,"win_rate":0,"floor_exit_playtime":[161,200,231,294,301,373],"timestamp":1715888586,"path_taken":["M","M","M","M","?","E","M"],"build_version":"2022-12-01","purchased_purges":0,"victory":false,"max_hp_per_floor":[71,71,71,71,71,71,71],"relic_stats":{"counters":[6,21],"Prayer Wheel":0,"obtain_stats":[{"Prayer Wheel":6,"Cracked Core":0},{"Prayer Wheel":5,"Cracked Core":0},{"Prayer Wheel":19,"Cracked Core":0}]},"card_choices":[{"not_picked":["Static Discharge","Conserve Battery"],"picked":"Genetic Algorithm","floor":1},{"not_picked":["Hologram","Compile Driver"],"picked":"Ball Lightning","floor":2},{"not_picked":["Fusion","Rip and Tear"],"picked":"Cold Snap","floor":3},{"not_picked":["Turbo","Glacier"],"picked":"Doom and Gloom","floor":4},{"not_picked":["BootSequence","Steam"],"picked":"Steam Power","floor":6}],"player_experience":197044,"relics_obtained":[{"floor":6,"key":"Prayer Wheel"}],"event_choices":[{"damage_healed":0,"gold_gain":0,"player_choice":"Left Gold","damage_taken":0,"max_hp_gain":0,"max_hp_loss":0,"event_name":"World of Goop","floor":5,"gold_loss":48}],"is_beta":false,"boss_relics":[],"items_purged_floors":[],"is_endless":false,"potions_floor_spawned":[2,3],"killed_by":"Exordium Thugs","ascension_level":20,"potion_discard_per_floor":[[],[],[],[],[],[],[]]}