{"neow_bonuses_skipped_log":["THREE_CARDS","TRANSFORM_TWO_CARDS","BOSS_RELIC"],"neow_costs_skipped_log":["NONE","TEN_PERCENT_HP_LOSS","NONE"],"potions_obtained_entropic_brew":[[],[],[],[],[],[],[],[],[],[],[]],"gold_per_floor":[209,227,240,254,80,80,92,92,92,92,92],"floor_reached":11,"playtime":484,"items_purged":[],"score":130,"play_id":"d40397dc-40ba-43c1-873e-fdb77ea9c032","local_time":"20240516155433","score_breakdown":["Floors Climbed (11): 55","Enemies Slain (5): 10","Exordium Elites Killed (0): 0","Bosses Slain (0): 0","Ascension (20): 65"],"is_ascension_mode":true,"potions_obtained_alchemize":[[],[],[],[],[],[],[],[],[],[],[]],"campfire_choices":[{"data":"Zap","floor":6,"key":"SMITH"},{"data":"Coolheaded","floor":8,"key":"SMITH"},{"floor":10,"key":"REST"}],"lesson_learned_per_floor":[[],[],[],[],[],[],[],[],[],[],[]],"neow_cost":"NONE","improvable_cards":{"Genetic Algorithm":[9]},"seed_source_timestamp":280790539524791,"shop_contents":[{"floor":5,"relics":["Pocketwatch","Frozen Egg 2","TheAbacus"],"cards":["Compile Driver","Ball Lightning","Static Discharge","Finesse","Violence"],"potions":["Dexterity Potion","SteroidPotion"]}],"circlet_count":0,"master_deck":["AscendersBane","Strike_B","Strike_B","Strike_B","Strike_B","Defend_B","Defend_B","Defend_B","Defend_B","Zap+1","Dualcast","Darkness","Genetic Algorithm","Rebound","Ball Lightning","Glacier","Coolheaded+1","All For One"],"potion_use_per_floor":[[],[],[],[],[],[],["SkillPotion"],[],[],[],["PowerPotion","Weak Potion"]],"relics":["Cracked Core"],"potions_floor_usage":[7,11,11],"damage_taken":[{"damage":0,"enemies":"2 Louse","floor":1,"turns":2},{"damage":9,"enemies":"Jaw Worm","floor":2,"turns":3},{"damage":6,"enemies":"Cultist","floor":3,"turns":4},{"damage":10,"enemies":"2 Fungi Beasts","floor":4,"turns":4},{"damage":10,"enemies":"Exordium Wildlife","floor":7,"turns":4},{"damage":51,"enemies":"Lagavulin","floor":11,"turns":6}],"seed_played":"2054305343491164717","neow_bonus_log":{"cardsObtained":[],"cardsUpgraded":[],"cardsRemoved":[],"cardsTransformed":[],"relicsObtained":[],"maxHpGained":0,"goldGained":100,"damageTaken":0,"goldLost":0,"maxHpLost":0},"potions_obtained":[{"floor":2,"key":"SkillPotion"},{"floor":7,"key":"Weak Potion"}],"is_trial":false,"path_per_floor":["M","M","M","M","$","R","M","R","T","R","E"],"character_chosen":"DEFECT","basemod:card_modifiers":[null,null,null,null,null,null,null,null,null,null,null,null,null,null,null,null,null,null],"items_purchased":["Glacier","Coolheaded","PowerPotion"],"campfire_rested":1,"item_purchase_floors":[5,5,5],"current_hp_per_floor":[64,55,49,39,39,39,29,29,29,50,0],"gold":92,"neow_bonus":"HUNDRED_GOLD","is_prod":false,"is_daily":false,"rewards_skipped":[],"chose_seed":false,"campfire_upgraded":2,"win_rate":0,"floor_exit_playtime":[105,143,187,246,288,301,377,385,390,394],"timestamp":1715889273,"blue_key_relic_skipped_log":{"floor":9,"relicID":"Darkstone Periapt"},"path_taken":["M","M","M","?","$","R","M","R","T","R","E"],"build_version":"2022-12-01","purchased_purges":0,"victory":false,"max_hp_per_floor":[71,71,71,71,71,71,71,71,71,71,71],"relic_stats":{"counters":[6,23],"obtain_stats":[{"Cracked Core":0},{"Cracked Core":0},{"Cracked Core":0}]},"card_choices":[{"not_picked":["Gash","Stack"],"picked":"Darkness","floor":1},{"not_picked":["Steam","Storm"],"picked":"Genetic Algorithm","floor":2},{"not_picked":["Beam Cell","Conserve Battery"],"picked":"Rebound","floor":3},{"not_picked":["Glacier","Conserve Battery"],"picked":"Ball Lightning","floor":4},{"not_picked":["Lockon","Scrape"],"picked":"All For One","floor":7}],"player_experience":197452,"relics_obtained":[],"event_choices":[],"is_beta":false,"boss_relics":[],"items_purged_floors":[],"is_endless":false,"potions_floor_spawned":[2,7],"killed_by":"Lagavulin","ascension_level":20,"potion_discard_per_floor":[[],[],[],[],[],[],[],[],[],[],[]]}