{"neow_bonuses_skipped_log":["HUNDRED_GOLD","TRANSFORM_TWO_CARDS","BOSS_RELIC"],"potions_obtained_entropic_brew":[[],[],[],[],[],[],[],[],[],[],[],[],[],[],[],[],[],[],[],[],[],[],[],[],[],[],[],[],[],[],[],[],[],[],[],[],[],[],[],[],[],[],[],[],[],[],[],[],[],[]],"neow_costs_skipped_log":["NONE","CURSE","NONE"],"gold_per_floor":[111,130,94,94,109,109,143,143,143,143,171,185,185,195,195,272,272,285,302,302,217,142,142,172,172,172,204,217,217,248,265,265,342,342,357,357,357,371,371,402,412,432,432,443,198,210,243,255,267,279],"floor_reached":50,"playtime":3485,"items_purged":["Defend_B"],"score":1190,"play_id":"a1a63656-371d-4419-869a-9474626234a8","local_time":"20240523161358","score_breakdown":["Floors Climbed (50): 250","Enemies Slain (15): 30","Exordium Elites Killed (2): 20","City Elites Killed (3): 60","Beyond Elites Killed (2): 60","Bosses Slain (2): 150","Champion (1): 25","Ascension (20): 595"],"is_ascension_mode":true,"potions_obtained_alchemize":[[],[],[],[],[],[],[],[],[],[],[],[],[],[],[],[],[],[],[],[],[],[],[],[],[],[],[],[],[],[],[],[],[],[],[],[],[],[],[],[],[],[],[],[],[],[],[],[],[],[]],"campfire_choices":[{"data":"Zap","floor":6.0,"key":"SMITH"},{"data":"Electrodynamics","floor":8.0,"key":"SMITH"},{"data":"Recycle","floor":10.0,"key":"SMITH"},{"data":"Darkness","floor":13,"key":"SMITH"},{"data":"Self Repair","floor":15,"key":"SMITH"},{"floor":23,"key":"REST"},{"floor":25,"key":"REST"},{"floor":29,"key":"REST"},{"floor":32,"key":"RECALL"},{"floor":49,"key":"REST"}],"lesson_learned_per_floor":[[],[],[],[],[],[],[],[],[],[],[],[],[],[],[],[],[],[],[],[],[],[],[],[],[],[],[],[],[],[],[],[],[],[],[],[],[],[],[],[],[],[],[],[],[],[],[],[],[],[]],"neow_cost":"NONE","improvable_cards":{},"seed_source_timestamp":169490955575250,"shop_contents":[{"floor":45,"relics":["Oddly Smooth Stone","Akabeko"],"cards":["Rip and Tear+1","Streamline+1","Tempest+1","Double Energy+1","Defragment","Metamorphosis+1"],"potions":["Fire Potion","LiquidMemories","DuplicationPotion"]}],"circlet_count":0,"master_deck":["AscendersBane","Strike_B","Strike_B","Defend_B","Defend_B","Zap+1","Dualcast","Recycle+1","Glacier","Ball Lightning","Darkness+1","Electrodynamics+1","Self Repair+1","Compile Driver","Echo Form","Redo+1","Heatsinks","Conserve Battery+1","Turbo+1","Compile Driver+1","Biased Cognition","Hologram+1","Madness+1","Madness+1","Compile Driver+1","Coolheaded+1","BootSequence+1","Blind+1","Static Discharge+1","Heatsinks+1"],"special_seed":0,"potion_use_per_floor":[[],[],[],[],[],[],[],[],[],[],[],[],[],["ColorlessPotion"],[],[],[],[],[],[],[],[],[],[],[],[],["Strength Potion"],[],[],[],["FearPotion"],[],[],[],[],[],[],[],[],["Fire Potion"],[],[],[],["Dexterity Potion"],[],[],[],[],[],["FairyPotion"]],"relics":["Cracked Core","Ornamental Fan","Cables","Bronze Scales","Fusion Hammer","Enchiridion","Question Card","Anchor","Toxic Egg 2","Pear","FossilizedHelix","Black Star","Molten Egg 2","Gremlin Horn","Emotion Chip","Membership Card","MealTicket","MawBank"],"potions_floor_usage":[14,27,31,40,44],"damage_taken":[{"damage":2.0,"enemies":"Jaw Worm","floor":1.0,"turns":3.0},{"damage":1.0,"enemies":"2 Louse","floor":2.0,"turns":3.0},{"damage":0.0,"enemies":"Small Slimes","floor":5.0,"turns":4.0},{"damage":24.0,"enemies":"Lagavulin","floor":7.0,"turns":6.0},{"damage":0,"enemies":"3 Sentries","floor":11,"turns":3},{"damage":1,"enemies":"2 Fungi Beasts","floor":12,"turns":2},{"damage":3,"enemies":"Blue Slaver","floor":14,"turns":3},{"damage":10,"enemies":"The Guardian","floor":16,"turns":11},{"damage":0,"enemies":"Chosen","floor":18,"turns":3},{"damage":37,"enemies":"2 Thieves","floor":19,"turns":4},{"damage":19,"enemies":"Slavers","floor":24,"turns":2},{"damage":24,"enemies":"Book of Stabbing","floor":27,"turns":4},{"damage":9,"enemies":"Snake Plant","floor":28,"turns":3},{"damage":7,"enemies":"Gremlin Leader","floor":30,"turns":5},{"damage":7,"enemies":"Cultist and Chosen","floor":31,"turns":6},{"damage":76,"enemies":"Automaton","floor":33,"turns":11},{"damage":0,"enemies":"3 Darklings","floor":35,"turns":2},{"damage":0,"enemies":"3 Shapes","floor":38,"turns":4},{"damage":9,"enemies":"Reptomancer","floor":40,"turns":7},{"damage":0,"enemies":"Sphere and 2 Shapes","floor":41,"turns":4},{"damage":21,"enemies":"Writhing Mass","floor":42,"turns":5},{"damage":18,"enemies":"Transient","floor":44,"turns":6},{"damage":0,"enemies":"Sphere and 2 Shapes","floor":46,"turns":4},{"damage":38,"enemies":"Giant Head","floor":47,"turns":9},{"damage":95,"enemies":"Time Eater","floor":50,"turns":6}],"green_key_taken_log":30,"seed_played":"5695159053279048400","neow_bonus_log":{"cardsObtained":["Recycle"],"cardsUpgraded":[],"cardsRemoved":[],"cardsTransformed":["Strike_B"],"relicsObtained":[],"maxHpGained":0,"goldGained":0,"damageTaken":0,"goldLost":0,"maxHpLost":0},"potions_obtained":[{"floor":5.0,"key":"Fire Potion"},{"floor":12,"key":"ColorlessPotion"},{"floor":14,"key":"Strength Potion"},{"floor":27,"key":"FearPotion"},{"floor":33,"key":"FairyPotion"},{"floor":41,"key":"Dexterity Potion"},{"floor":44,"key":"LiquidBronze"}],"is_trial":false,"path_per_floor":["M","M","?","?","M","R","E","R","T","R","E","M","R","M","R","B",null,"M","M","?","?","?","R","E","R","T","E","M","R","E","M","R","B",null,"M","?","?","M","?","E","M","M","T","M","$","M","E","?","R","B"],"character_chosen":"DEFECT","basemod:card_modifiers":[null,null,null,null,null,null,null,null,null,null,null,null,null,null,null,null,null,null,null,null,null,null,null,null,null,null,null,null,null,null],"items_purchased":["Membership Card","Blind+1"],"campfire_rested":4,"item_purchase_floors":[45,45],"current_hp_per_floor":[62,61,61,66,66,66,42,42,42,42,42,48,48,52,52,52,70,76,59,38,38,38,60,41,63,63,59,60,85,86,86,86,20,70,70,70,55,55,55,56,56,45,45,37,37,57,29,29,54,0],"gold":279,"neow_bonus":"TRANSFORM_CARD","is_prod":false,"is_daily":false,"rewards_skipped":[{"floor":18,"relics":[],"potions":["Explosive Potion"]},{"floor":35,"relics":[],"potions":["LiquidBronze"]},{"floor":46,"relics":[],"potions":["FearPotion"]}],"chose_seed":false,"campfire_upgraded":5,"win_rate":0,"floor_exit_playtime":[122,154,167,171,248,270,462,478,480,489,524,560,571,628,650,812,905,977,1072,1080,1085,1105,1109,1177,1182,1185,1309,1372,1387,1484,1581,1584,1919,2021,2075,2084,2130,2205,2207,2381,2523,2633,2635,2835,2898,3019,3336,3347,3351],"timestamp":1716495238,"blue_key_relic_skipped_log":{"floor":43,"relicID":"Kunai"},"path_taken":["M","M","?","?","M","R","E","R","T","R","E","M","R","?","R","BOSS","M","M","?","?","?","R","E","R","T","E","M","R","E","M","R","BOSS","M","?","?","M","?","E","M","?","T","M","$","M","E","?","R","BOSS"],"build_version":"2022-12-01","purchased_purges":1,"victory":false,"max_hp_per_floor":[71,71,71,76,76,76,76,76,76,76,76,76,76,76,76,76,76,76,76,76,76,76,76,76,76,76,86,86,86,86,86,86,86,86,86,86,86,86,86,86,86,86,86,86,86,86,86,86,86,86],"relic_stats":{"Gremlin Horn":[4,4],"counters":[25,120],"Question Card":14,"MawBank":36,"Cables":[99,58,25,16,0],"Emotion Chip":[22,12,4,6,0],"Ornamental Fan":[36],"Bronze Scales":[291],"MealTicket":0,"Black Star":2,"Membership Card":86,"obtain_stats":[{"Pear":27,"Gremlin Horn":40,"Enchiridion":20,"Question Card":21,"MawBank":47,"Cables":9,"Anchor":24,"Emotion Chip":40,"Ornamental Fan":7,"Bronze Scales":11,"Molten Egg 2":36,"MealTicket":47,"Fusion Hammer":17,"Black Star":34,"Membership Card":45,"Toxic Egg 2":26,"Cracked Core":0,"FossilizedHelix":30},{"Pear":12,"Gremlin Horn":19,"Enchiridion":10,"Question Card":10,"MawBank":24,"Cables":4,"Anchor":11,"Emotion Chip":19,"Ornamental Fan":4,"Bronze Scales":5,"Molten Egg 2":17,"MealTicket":24,"Fusion Hammer":8,"Black Star":16,"Membership Card":22,"Toxic Egg 2":11,"Cracked Core":0,"FossilizedHelix":14},{"Pear":48,"Gremlin Horn":86,"Enchiridion":42,"Question Card":42,"MawBank":114,"Cables":16,"Anchor":44,"Emotion Chip":86,"Ornamental Fan":16,"Bronze Scales":19,"Molten Egg 2":75,"MealTicket":114,"Fusion Hammer":35,"Black Star":73,"Membership Card":101,"Toxic Egg 2":44,"Cracked Core":0,"FossilizedHelix":56}],"FossilizedHelix":[96]},"card_choices":[{"not_picked":["Steam","Coolheaded"],"picked":"Glacier","floor":1.0},{"not_picked":["Reinforced Body","Leap"],"picked":"Ball Lightning","floor":2.0},{"not_picked":["Steam","FTL"],"picked":"Darkness","floor":5.0},{"not_picked":["Fission","Turbo"],"picked":"Electrodynamics","floor":7.0},{"not_picked":["Machine Learning","Static Discharge"],"picked":"Self Repair","floor":11},{"not_picked":["Reprogram","Steam Power","Blizzard"],"picked":"SKIP","floor":12},{"not_picked":["Beam Cell","Go for the Eyes"],"picked":"Compile Driver","floor":14},{"not_picked":["Electrodynamics","Buffer"],"picked":"Echo Form","floor":16},{"not_picked":["Redo","Streamline+1"],"picked":"Coolheaded","floor":18},{"not_picked":["Beam Cell","Leap"],"picked":"Redo+1","floor":19},{"not_picked":["BootSequence","Chill+1","Redo"],"picked":"Heatsinks","floor":24},{"not_picked":["Doom and Gloom","Cold Snap","Thunder Strike"],"picked":"Conserve Battery+1","floor":27},{"not_picked":["Auto Shields+1","Sweeping Beam","Self Repair"],"picked":"Turbo+1","floor":28},{"not_picked":["Rip and Tear+1","Recycle+1","Reprogram+1","Loop"],"picked":"SKIP","floor":30},{"not_picked":["Conserve Battery+1","Rebound","Go for the Eyes"],"picked":"Compile Driver+1","floor":31},{"not_picked":["Fission+1","Reboot+1","Echo Form"],"picked":"Biased Cognition","floor":33},{"not_picked":["Rebound","Cold Snap+1","Lockon"],"picked":"Hologram+1","floor":35},{"not_picked":["Beam Cell+1","Rebound+1","Cold Snap+1","Defragment"],"picked":"SKIP","floor":38},{"not_picked":["Consume+1","Rainbow+1","Steam+1"],"picked":"Compile Driver+1","floor":40},{"not_picked":["Loop","Conserve Battery+1","Turbo+1","Ball Lightning+1"],"picked":"SKIP","floor":41},{"not_picked":["Gash+1","Stack+1","Streamline+1"],"picked":"Coolheaded+1","floor":42},{"not_picked":["Conserve Battery+1","Stack+1","Rainbow+1"],"picked":"BootSequence+1","floor":44},{"not_picked":["Auto Shields+1","Conserve Battery+1","Rebound+1"],"picked":"Static Discharge+1","floor":46},{"not_picked":["Go for the Eyes+1","Storm+1","White Noise+1"],"picked":"Heatsinks+1","floor":47}],"player_experience":197936,"relics_obtained":[{"floor":7.0,"key":"Ornamental Fan"},{"floor":9.0,"key":"Cables"},{"floor":11,"key":"Bronze Scales"},{"floor":20,"key":"Enchiridion"},{"floor":24,"key":"Anchor"},{"floor":26,"key":"Toxic Egg 2"},{"floor":27,"key":"Pear"},{"floor":30,"key":"FossilizedHelix"},{"floor":40,"key":"Gremlin Horn"},{"floor":40,"key":"Emotion Chip"},{"floor":47,"key":"MealTicket"},{"floor":47,"key":"MawBank"}],"event_choices":[{"damage_healed":0.0,"max_hp_gain":0.0,"max_hp_loss":0.0,"gold_gain":0.0,"event_name":"World of Goop","player_choice":"Left Gold","floor":3.0,"gold_loss":36.0,"damage_taken":0.0},{"damage_healed":0.0,"max_hp_gain":5.0,"max_hp_loss":0.0,"gold_gain":0.0,"event_name":"Big Fish","player_choice":"Donut","floor":4.0,"gold_loss":0.0,"damage_taken":0.0},{"damage_healed":0,"gold_gain":0,"player_choice":"Obtained Book","damage_taken":21,"max_hp_gain":0,"max_hp_loss":0,"event_name":"Cursed Tome","floor":20,"gold_loss":0},{"damage_healed":0,"gold_gain":0,"player_choice":"Obtained Relic","damage_taken":0,"relics_obtained":["Question Card"],"max_hp_gain":0,"max_hp_loss":0,"event_name":"Addict","floor":21,"gold_loss":85},{"cards_removed":["Strike_B"],"damage_healed":0,"gold_gain":0,"player_choice":"Gave Gold","damage_taken":0,"max_hp_gain":0,"max_hp_loss":0,"event_name":"Beggar","floor":22,"gold_loss":75},{"cards_removed":["Coolheaded"],"damage_healed":0,"gold_gain":0,"player_choice":"Gave Card","damage_taken":0,"relics_obtained":["Molten Egg 2"],"max_hp_gain":0,"max_hp_loss":0,"event_name":"WeMeetAgain","floor":36,"gold_loss":0},{"damage_healed":0,"gold_gain":0,"player_choice":"Embrace Madness","damage_taken":15,"max_hp_gain":0,"max_hp_loss":0,"event_name":"Winding Halls","floor":37,"gold_loss":0,"cards_obtained":["Madness","Madness"]},{"damage_healed":0,"gold_gain":0,"player_choice":"Ignored","damage_taken":0,"max_hp_gain":0,"max_hp_loss":0,"event_name":"Tomb of Lord Red Mask","floor":39,"gold_loss":0},{"cards_removed":["Defend_B"],"damage_healed":0,"gold_gain":0,"player_choice":"Purged","damage_taken":0,"max_hp_gain":0,"max_hp_loss":0,"event_name":"Purifier","floor":48,"gold_loss":0}],"is_beta":false,"boss_relics":[{"not_picked":["FrozenCore","Tiny House"],"picked":"Fusion Hammer"},{"not_picked":["SlaversCollar","Runic Dome"],"picked":"Black Star"}],"items_purged_floors":[45],"is_endless":false,"potions_floor_spawned":[5,12,14,18,27,33,35,41,44,46],"killed_by":"Time Eater","ascension_level":20,"potion_discard_per_floor":[[],[],[],[],[],[],[],[],[],[],[],[],[],[],[],[],[],[],[],[],[],[],[],[],[],[],[],[],[],[],[],[],[],[],[],[],[],[],[],[],[],[],[],[],[],[],[],[],[],[]]}