{"neow_bonuses_skipped_log":["THREE_CARDS","HUNDRED_GOLD","BOSS_RELIC"],"neow_costs_skipped_log":["NONE","NONE","NONE"],"potions_obtained_entropic_brew":[[],[],[],[],[],[],[],[],[],[],[],[],[],[],[],[],[],[],[],[],[],[],[],[],[],[],[],[],[],[],[]],"gold_per_floor":[116,130,146,159,159,159,159,159,182,218,4,4,47,47,47,138,138,153,153,43,58,78,78,96,96,96,140,10,25,25,25],"floor_reached":31,"playtime":1825,"items_purged":["Defend_B"],"score":526,"play_id":"a2367bb8-665f-4458-bacd-63dd14fa118e","local_time":"20240524182447","score_breakdown":["Floors Climbed (31): 155","Enemies Slain (9): 18","Exordium Elites Killed (2): 20","City Elites Killed (1): 20","Bosses Slain (1): 50","Ascension (20): 263"],"is_ascension_mode":true,"potions_obtained_alchemize":[[],[],[],[],[],[],[],[],[],[],[],[],[],[],[],[],[],[],[],[],[],[],[],[],[],[],[],[],[],[],[]],"campfire_choices":[{"data":"Streamline","floor":6.0,"key":"SMITH"},{"floor":8.0,"key":"REST"},{"data":"Creative AI","floor":15.0,"key":"SMITH"},{"floor":23.0,"key":"REST"},{"floor":25.0,"key":"REST"}],"lesson_learned_per_floor":[[],[],[],[],[],[],[],[],[],[],[],[],[],[],[],[],[],[],[],[],[],[],[],[],[],[],[],[],[],[],[]],"neow_cost":"PERCENT_DAMAGE","improvable_cards":{},"seed_source_timestamp":10129508603292,"shop_contents":[{"floor":11,"relics":["Bottled Lightning","Molten Egg 2"],"cards":["Sunder","FTL","Redo","Fission","Storm","Dark Shackles","Master of Strategy"],"potions":["SpeedPotion","EssenceOfSteel"]},{"floor":28,"relics":["Meat on the Bone","Ginger","Sling"],"cards":["Compile Driver","Doom and Gloom","Amplify","Biased Cognition","Bandage Up","Panache"],"potions":["Weak Potion","GamblersBrew","Ancient Potion"]}],"circlet_count":0,"master_deck":["AscendersBane","Strike_B","Strike_B","Defend_B+1","Defend_B+1","Defend_B","Zap+1","Dualcast","Self Repair","Streamline+1","Undo+1","Ball Lightning","Creative AI+1","Barrage+1","Echo Form","Static Discharge","Darkness","Coolheaded+1","Storm","Coolheaded"],"special_seed":0,"potion_use_per_floor":[[],[],[],[],[],[],[],[],[],["Regen Potion"],[],[],["Strength Potion"],[],[],[],[],[],[],[],[],[],[],[],[],[],["Fire Potion","FairyPotion"],[],["Weak Potion"],[],[]],"relics":["Cracked Core","Turnip","Golden Idol","Dead Branch","Runic Capacitor","Bag of Marbles","Fusion Hammer","Ice Cream","Blue Candle","War Paint"],"potions_floor_usage":[29],"damage_taken":[{"damage":2.0,"enemies":"2 Louse","floor":1.0,"turns":3.0},{"damage":0.0,"enemies":"Cultist","floor":2.0,"turns":3.0},{"damage":9.0,"enemies":"Jaw Worm","floor":3.0,"turns":4.0},{"damage":13.0,"enemies":"Red Slaver","floor":4.0,"turns":3.0},{"damage":14.0,"enemies":"Lagavulin","floor":10.0,"turns":7.0},{"damage":22.0,"enemies":"3 Sentries","floor":13.0,"turns":6.0},{"damage":40.0,"enemies":"The Guardian","floor":16.0,"turns":13.0},{"damage":11.0,"enemies":"Spheric Guardian","floor":18.0,"turns":6.0},{"damage":18.0,"enemies":"Chosen","floor":21.0,"turns":6.0},{"damage":17.0,"enemies":"Centurion and Healer","floor":22.0,"turns":6.0},{"damage":35.0,"enemies":"Chosen and Byrds","floor":24.0,"turns":6.0},{"damage":46.0,"enemies":"Gremlin Leader","floor":27.0,"turns":5.0},{"damage":0,"enemies":"Cultist and Chosen","floor":29,"turns":7},{"damage":40,"enemies":"3 Cultists","floor":31,"turns":4}],"green_key_taken_log":13,"seed_played":"-5289184362258414626","neow_bonus_log":{"cardsObtained":[],"cardsUpgraded":[],"cardsRemoved":[],"cardsTransformed":[],"relicsObtained":["Turnip"],"maxHpGained":0,"goldGained":0,"damageTaken":18,"goldLost":0,"maxHpLost":0},"potions_obtained":[{"floor":1.0,"key":"Regen Potion"},{"floor":3.0,"key":"PotionOfCapacity"},{"floor":4.0,"key":"Strength Potion"},{"floor":16.0,"key":"DistilledChaos"},{"floor":18.0,"key":"Fire Potion"},{"floor":21.0,"key":"FairyPotion"},{"floor":27.0,"key":"Weak Potion"}],"is_trial":false,"path_per_floor":["M","M","M","M","?","R","?","R","T","E","$","?","E","?","R","B",null,"M","?","?","M","M","R","M","R","T","E","$","M","?","M"],"character_chosen":"DEFECT","basemod:card_modifiers":[null,null,null,null,null,null,null,null,null,null,null,null,null,null,null,null,null,null,null,null],"items_purchased":["PowerPotion","Runic Capacitor","Coolheaded"],"campfire_rested":3,"item_purchase_floors":[11,11,28],"current_hp_per_floor":[44,51,49,43,43,43,24,43,43,51,51,51,36,41,41,8,54,57,57,57,46,36,56,21,41,41,20,20,27,27,0],"gold":25,"neow_bonus":"ONE_RARE_RELIC","is_prod":false,"is_daily":false,"rewards_skipped":[],"chose_seed":false,"campfire_upgraded":2,"win_rate":0,"floor_exit_playtime":[108,137,170,203,208,217,222,225,229,307,365,376,481,489,503,687,753,865,919,958,1109,1239,1247,1397,1401,1405,1523,1563,1727,1734],"timestamp":1716589487,"blue_key_relic_skipped_log":{"floor":9,"relicID":"Boot"},"path_taken":["M","M","M","M","?","R","?","R","T","E","$","?","E","?","R","BOSS","M","?","?","?","M","R","M","R","T","E","?","M","?","?"],"build_version":"2022-12-01","purchased_purges":1,"victory":false,"max_hp_per_floor":[71,71,71,71,64,64,64,64,64,64,64,64,64,69,69,69,69,69,69,69,69,69,69,69,69,69,69,69,69,69,69],"relic_stats":{"Ice Cream":[0],"counters":[14,79],"Golden Idol":60,"Dead Branch":[54],"Blue Candle":[0],"Turnip":[9],"War Paint":["Zap","Coolheaded"],"obtain_stats":[{"Ice Cream":26,"Golden Idol":5,"Dead Branch":10,"Blue Candle":27,"Turnip":0,"Fusion Hammer":17,"Runic Capacitor":11,"Bag of Marbles":13,"War Paint":30,"Cracked Core":0},{"Ice Cream":11,"Golden Idol":4,"Dead Branch":5,"Blue Candle":12,"Turnip":0,"Fusion Hammer":7,"Runic Capacitor":5,"Bag of Marbles":6,"War Paint":13,"Cracked Core":0},{"Ice Cream":63,"Golden Idol":13,"Dead Branch":20,"Blue Candle":68,"Turnip":0,"Fusion Hammer":39,"Runic Capacitor":20,"Bag of Marbles":26,"War Paint":75,"Cracked Core":0}]},"card_choices":[{"not_picked":["Compile Driver","Hologram"],"picked":"Self Repair","floor":1.0},{"not_picked":["Reinforced Body","Storm"],"picked":"Streamline","floor":2.0},{"not_picked":["Beam Cell","Melter"],"picked":"Sweeping Beam","floor":3.0},{"not_picked":["Conserve Battery","Compile Driver"],"picked":"Undo","floor":4.0},{"not_picked":["Steam Power","Loop"],"picked":"Ball Lightning","floor":10.0},{"not_picked":["Creative AI","Sunder"],"picked":"Barrage","floor":13.0},{"not_picked":["Fission","Buffer"],"picked":"Echo Form","floor":16.0},{"not_picked":["Go for the Eyes","Beam Cell"],"picked":"Static Discharge","floor":18.0},{"not_picked":["Barrage","Aggregate"],"picked":"Darkness","floor":21.0},{"not_picked":["Hologram","Redo"],"picked":"Coolheaded","floor":22.0},{"not_picked":["Reprogram","Doom and Gloom","Loop"],"picked":"SKIP","floor":24.0},{"not_picked":["Go for the Eyes+1","Thunder Strike"],"picked":"Storm","floor":27.0},{"not_picked":["Leap","Coolheaded","FTL"],"picked":"SKIP","floor":29}],"player_experience":205242,"relics_obtained":[{"floor":10.0,"key":"Dead Branch"},{"floor":13.0,"key":"Bag of Marbles"},{"floor":26.0,"key":"Ice Cream"},{"floor":27.0,"key":"Blue Candle"}],"event_choices":[{"damage_healed":0.0,"max_hp_gain":0.0,"max_hp_loss":7.0,"gold_gain":0.0,"event_name":"Golden Idol","player_choice":"Lose Max HP","floor":5.0,"gold_loss":0.0,"damage_taken":0.0,"relics_obtained":["Golden Idol"]},{"damage_healed":0.0,"max_hp_gain":0.0,"max_hp_loss":0.0,"gold_gain":0.0,"event_name":"Shining Light","player_choice":"Entered Light","floor":7.0,"gold_loss":0.0,"damage_taken":19.0,"cards_upgraded":["Defend_B","Defend_B"]},{"damage_healed":0.0,"max_hp_gain":0.0,"max_hp_loss":0.0,"gold_gain":0.0,"cards_transformed":["Strike_B"],"event_name":"Transmorgrifier","player_choice":"Transformed","floor":12.0,"gold_loss":0.0,"damage_taken":0.0,"cards_obtained":["Creative AI"]},{"damage_healed":0.0,"max_hp_gain":5.0,"max_hp_loss":0.0,"gold_gain":0.0,"event_name":"Big Fish","player_choice":"Donut","floor":14.0,"gold_loss":0.0,"damage_taken":0.0},{"damage_healed":0.0,"max_hp_gain":0.0,"max_hp_loss":0.0,"gold_gain":0.0,"event_name":"Accursed Blacksmith","player_choice":"Forge","floor":19.0,"gold_loss":0.0,"damage_taken":0.0,"cards_upgraded":["Barrage"]},{"cards_removed":["Strike_B"],"damage_healed":0.0,"max_hp_gain":0.0,"max_hp_loss":0.0,"gold_gain":0.0,"event_name":"Designer","player_choice":"Upgrade and Remove","floor":20.0,"gold_loss":110.0,"damage_taken":0.0,"cards_upgraded":["Undo"]},{"cards_removed":["Sweeping Beam"],"damage_healed":0,"gold_gain":0,"player_choice":"Gave Card","damage_taken":0,"relics_obtained":["War Paint"],"max_hp_gain":0,"max_hp_loss":0,"event_name":"WeMeetAgain","floor":30,"gold_loss":0}],"is_beta":false,"boss_relics":[{"not_picked":["Calling Bell","Inserter"],"picked":"Fusion Hammer"}],"items_purged_floors":[28],"is_endless":false,"potions_floor_spawned":[1,3,4,16,18,21,27],"killed_by":"3 Cultists","ascension_level":20,"potion_discard_per_floor":[[],[],[],["PotionOfCapacity"],[],[],[],[],[],[],[],[],[],[],[],[],[],["DistilledChaos"],[],[],["PowerPotion"],[],[],[],[],[],[],[],[],[],[]]}