{"neow_bonuses_skipped_log":["THREE_CARDS","THREE_RARE_CARDS","BOSS_RELIC"],"potions_obtained_entropic_brew":[[],[],[],[],[],[],[],[],[],[],[],[],[],["AttackPotion","GamblersBrew"],[],[],[],[],[],[],[],[],[],[]],"neow_costs_skipped_log":["NONE","PERCENT_DAMAGE","NONE"],"gold_per_floor":[218,30,50,50,0,33,33,64,64,64,64,125,137,169,169,243,243,259,270,89,120,136,136,136],"floor_reached":24,"playtime":1424,"items_purged":["Strike_B"],"score":424,"play_id":"c5e8a5a5-dc07-4727-bc5a-dc126fa15977","local_time":"20240523223023","score_breakdown":["Floors Climbed (24): 120","Enemies Slain (6): 12","Exordium Elites Killed (3): 30","City Elites Killed (0): 0","Bosses Slain (1): 50","Ascension (20): 212"],"is_ascension_mode":true,"potions_obtained_alchemize":[[],[],[],[],[],[],[],[],[],[],[],[],[],[],[],[],[],[],[],[],[],[],[],[]],"campfire_choices":[{"data":"Apotheosis","floor":7,"key":"SMITH"},{"floor":11,"key":"REST"},{"data":"Defragment","floor":15,"key":"SMITH"},{"floor":23,"key":"REST"}],"lesson_learned_per_floor":[[],[],[],[],[],[],[],[],[],[],[],[],[],[],[],[],[],[],[],[],[],[],[],[]],"neow_cost":"NONE","improvable_cards":{},"seed_source_timestamp":192853482914000,"shop_contents":[{"floor":2,"relics":["Shuriken","Gremlin Horn","PrismaticShard"],"cards":["Streamline","Rebound","Hologram","Skim","Capacitor","Discovery"],"potions":["GamblersBrew","Swift Potion","Swift Potion"]},{"floor":20,"relics":["Dream Catcher","HornCleat","Medical Kit"],"cards":["Scrape","Stack","Leap","Flash of Steel","HandOfGreed"],"potions":["GamblersBrew","Regen Potion","LiquidMemories"]}],"circlet_count":0,"master_deck":["AscendersBane","Strike_B","Strike_B","Strike_B","Defend_B","Defend_B","Defend_B","Defend_B","Zap","Dualcast","Ball Lightning","Apotheosis+1","Lockon","Consume","Doom and Gloom","Defragment+1","Steam","Electrodynamics","Capacitor","Coolheaded","Heatsinks","Compile Driver","Double Energy+1","Loop"],"special_seed":0,"potion_use_per_floor":[[],[],[],[],[],[],[],["ColorlessPotion","LiquidBronze"],[],[],[],[],[],["EntropicBrew","GamblersBrew","AttackPotion"],[],[],[],[],["AttackPotion"],[],["DuplicationPotion"],["GamblersBrew"],[],["Fire Potion","FocusPotion"]],"relics":["Cracked Core","Darkstone Periapt","Incense Burner","White Beast Statue","Regal Pillow","Inserter","Red Mask"],"potions_floor_usage":[8,8,14,14,14,19,21,22,24,24],"damage_taken":[{"damage":2.0,"enemies":"Jaw Worm","floor":1.0,"turns":3.0},{"damage":4.0,"enemies":"2 Louse","floor":3.0,"turns":2.0},{"damage":16,"enemies":"Lagavulin","floor":6,"turns":6},{"damage":14,"enemies":"3 Sentries","floor":8,"turns":5},{"damage":6,"enemies":"Cultist","floor":13,"turns":3},{"damage":8,"enemies":"Gremlin Nob","floor":14,"turns":4},{"damage":22,"enemies":"Slime Boss","floor":16,"turns":5},{"damage":0,"enemies":"3 Byrds","floor":18,"turns":1},{"damage":13,"enemies":"Shell Parasite","floor":19,"turns":3},{"damage":0,"enemies":"Masked Bandits","floor":21,"turns":2},{"damage":36,"enemies":"Snake Plant","floor":22,"turns":5},{"damage":54,"enemies":"Gremlin Leader","floor":24,"turns":5}],"green_key_taken_log":14,"seed_played":"-7189425108103826749","neow_bonus_log":{"cardsObtained":[],"cardsUpgraded":[],"cardsRemoved":[],"cardsTransformed":[],"relicsObtained":[],"maxHpGained":0,"goldGained":100,"damageTaken":0,"goldLost":0,"maxHpLost":0},"potions_obtained":[{"floor":1.0,"key":"LiquidBronze"},{"floor":6,"key":"ColorlessPotion"},{"floor":13,"key":"EntropicBrew"},{"floor":14,"key":"SmokeBomb"},{"floor":16,"key":"DuplicationPotion"},{"floor":18,"key":"AttackPotion"},{"floor":19,"key":"GamblersBrew"},{"floor":21,"key":"FocusPotion"},{"floor":22,"key":"Fire Potion"}],"is_trial":false,"path_per_floor":["M","$","M","?","?","E","R","E","T","?","R","?","M","E","R","B",null,"M","M","$","?","M","R","E"],"character_chosen":"DEFECT","basemod:card_modifiers":[null,null,null,null,null,null,null,null,null,null,null,null,null,null,null,null,null,null,null,null,null,null,null,null],"items_purchased":["Apotheosis","Heatsinks","Compile Driver"],"campfire_rested":2,"item_purchase_floors":[2,20,20],"current_hp_per_floor":[62,62,58,58,58,42,42,28,28,28,49,49,43,35,35,13,57,57,44,44,44,8,44,0],"gold":136,"neow_bonus":"HUNDRED_GOLD","is_prod":false,"is_daily":false,"rewards_skipped":[],"chose_seed":false,"campfire_upgraded":2,"win_rate":0,"floor_exit_playtime":[115,136,166,173,195,261,273,382,385,425,430,458,490,606,617,715,951,983,1058,1137,1177,1306,1310],"timestamp":1716517823,"path_taken":["M","$","M","?","?","E","R","E","T","?","R","?","M","E","R","BOSS","M","M","$","?","M","R","E"],"build_version":"2022-12-01","purchased_purges":1,"victory":false,"max_hp_per_floor":[71,71,71,71,71,71,71,71,71,71,71,71,71,71,71,71,71,71,71,71,71,71,71,71],"relic_stats":{"Darkstone Periapt":0,"Regal Pillow":15,"Inserter":[8],"counters":[12,44],"obtain_stats":[{"Darkstone Periapt":6,"Regal Pillow":14,"Inserter":17,"Incense Burner":8,"Red Mask":21,"Cracked Core":0,"White Beast Statue":9},{"Darkstone Periapt":3,"Regal Pillow":6,"Inserter":7,"Incense Burner":4,"Red Mask":10,"Cracked Core":0,"White Beast Statue":4},{"Darkstone Periapt":11,"Regal Pillow":23,"Inserter":28,"Incense Burner":16,"Red Mask":34,"Cracked Core":0,"White Beast Statue":16}],"White Beast Statue":[0.002400000000000001,0.0,0.12000000000000004,0.0,0.49360000000000015,0.0,0.3480000000000001,0.0,0.03600000000000001,0.0,0.0,2.9608000000000003]},"card_choices":[{"not_picked":["Beam Cell","Leap"],"picked":"Ball Lightning","floor":1.0},{"not_picked":["Force Field","Gash"],"picked":"Lockon","floor":3.0},{"not_picked":["Double Energy","Streamline"],"picked":"Consume","floor":6},{"not_picked":["Compile Driver","Rainbow"],"picked":"Doom and Gloom","floor":8},{"not_picked":["Rebound","Cold Snap"],"picked":"Defragment","floor":13},{"not_picked":["Rainbow","Conserve Battery"],"picked":"Steam","floor":14},{"not_picked":["Machine Learning","Rainbow"],"picked":"Electrodynamics","floor":16},{"not_picked":["Doom and Gloom","Force Field"],"picked":"Capacitor","floor":18},{"not_picked":["Sweeping Beam","Go for the Eyes"],"picked":"Coolheaded","floor":19},{"not_picked":["Leap","Heatsinks"],"picked":"Double Energy+1","floor":21},{"not_picked":["Gash","Consume"],"picked":"Loop","floor":22}],"player_experience":201421,"relics_obtained":[{"floor":6,"key":"Darkstone Periapt"},{"floor":8,"key":"Incense Burner"},{"floor":9,"key":"White Beast Statue"},{"floor":14,"key":"Regal Pillow"},{"floor":21,"key":"Red Mask"}],"event_choices":[{"damage_healed":0,"gold_gain":0,"player_choice":"Ignored","damage_taken":0,"max_hp_gain":0,"max_hp_loss":0,"event_name":"Shining Light","floor":4,"gold_loss":0},{"damage_healed":0,"gold_gain":0,"player_choice":"Left Gold","damage_taken":0,"max_hp_gain":0,"max_hp_loss":0,"event_name":"World of Goop","floor":5,"gold_loss":50},{"damage_healed":0,"gold_gain":0,"player_choice":"Searched \u00270\u0027 times","damage_taken":0,"max_hp_gain":0,"max_hp_loss":0,"event_name":"Dead Adventurer","floor":10,"gold_loss":0},{"damage_healed":0,"gold_gain":61,"player_choice":"Gained Gold","damage_taken":0,"max_hp_gain":0,"max_hp_loss":0,"event_name":"Golden Wing","floor":12,"gold_loss":0},{"damage_healed":0,"gold_gain":0,"player_choice":"Fought Bandits","damage_taken":0,"max_hp_gain":0,"max_hp_loss":0,"event_name":"Masked Bandits","floor":21,"gold_loss":0}],"is_beta":false,"boss_relics":[{"not_picked":["Ectoplasm","Nuclear Battery"],"picked":"Inserter"}],"items_purged_floors":[20],"is_endless":false,"potions_floor_spawned":[1,6,13,14,16,18,19,21,22],"killed_by":"Gremlin Leader","ascension_level":20,"potion_discard_per_floor":[[],[],[],[],[],[],[],[],[],[],[],[],[],[],[],[],[],["SmokeBomb"],[],[],[],[],[],[]]}