{"neow_bonuses_skipped_log":["THREE_CARDS","THREE_SMALL_POTIONS","BOSS_RELIC"],"neow_costs_skipped_log":["NONE","NONE","NONE"],"potions_obtained_entropic_brew":[[],[],[],[],[],[],[],[],[],[],[],[],[],[],[],[],[],[],[],[],[],[],[],[]],"gold_per_floor":[10,22,37,51,67,102,102,119,119,131,131,148,177,177,177,250,250,262,262,279,298,137,137,137],"floor_reached":24,"playtime":1171,"items_purged":["Strike_B"],"score":524,"play_id":"7e148161-cb0b-4337-ba72-23da762b0d1f","local_time":"20240524112700","score_breakdown":["Floors Climbed (24): 120","Enemies Slain (11): 22","Exordium Elites Killed (2): 20","City Elites Killed (0): 0","Bosses Slain (1): 50","Perfect (1): 50","Ascension (20): 262"],"is_ascension_mode":true,"potions_obtained_alchemize":[[],[],[],[],[],[],[],[],[],[],[],[],[],[],[],[],[],[],[],[],[],[],[],[]],"campfire_choices":[{"data":"Electrodynamics","floor":7.0,"key":"SMITH"},{"data":"Defragment","floor":11.0,"key":"SMITH"},{"floor":15.0,"key":"REST"},{"floor":23,"key":"REST"}],"lesson_learned_per_floor":[[],[],[],[],[],[],[],[],[],[],[],[],[],[],[],[],[],[],[],[],[],[],[],[]],"neow_cost":"NO_GOLD","improvable_cards":{},"seed_source_timestamp":206965176150125,"shop_contents":[{"floor":22,"relics":["Ornamental Fan","StrikeDummy","Sling"],"cards":["Sweeping Beam","Gash","Fission","BootSequence","Swift Strike","Magnetism"],"potions":["Block Potion","Weak Potion","Strength Potion"]}],"circlet_count":0,"master_deck":["AscendersBane","Strike_B","Strike_B","Defend_B","Defend_B","Defend_B","Defend_B","Zap","Dualcast","Electrodynamics+1","Rebound","Sweeping Beam","Auto Shields","Cold Snap","Self Repair","Ball Lightning","Defragment+1","Core Surge","Capacitor","Go for the Eyes+1","Heatsinks"],"special_seed":0,"potion_use_per_floor":[[],[],[],[],[],["AttackPotion","DistilledChaos"],[],[],[],[],[],[],[],[],[],["Explosive Potion"],[],[],[],[],[],[],[],[]],"relics":["Cracked Core","Centennial Puzzle","Thread and Needle","Sozu"],"potions_floor_usage":[],"damage_taken":[{"damage":0.0,"enemies":"Cultist","floor":1.0,"turns":3.0},{"damage":0.0,"enemies":"Small Slimes","floor":2.0,"turns":2.0},{"damage":12.0,"enemies":"Jaw Worm","floor":3.0,"turns":3.0},{"damage":6.0,"enemies":"Blue Slaver","floor":4.0,"turns":4.0},{"damage":0.0,"enemies":"Large Slime","floor":5.0,"turns":4.0},{"damage":23.0,"enemies":"Lagavulin","floor":6.0,"turns":6.0},{"damage":0.0,"enemies":"Exordium Wildlife","floor":8.0,"turns":2.0},{"damage":6.0,"enemies":"Blue Slaver","floor":10.0,"turns":3.0},{"damage":8.0,"enemies":"Large Slime","floor":12.0,"turns":3.0},{"damage":27.0,"enemies":"Gremlin Nob","floor":13.0,"turns":4.0},{"damage":0.0,"enemies":"Slime Boss","floor":16.0,"turns":9.0},{"damage":15.0,"enemies":"Shell Parasite","floor":18.0,"turns":4.0},{"damage":12,"enemies":"2 Thieves","floor":20,"turns":3},{"damage":21,"enemies":"Snake Plant","floor":21,"turns":4},{"damage":59,"enemies":"Book of Stabbing","floor":24,"turns":5}],"green_key_taken_log":13,"seed_played":"-1495836177937512806","neow_bonus_log":{"cardsObtained":[],"cardsUpgraded":[],"cardsRemoved":[],"cardsTransformed":[],"relicsObtained":[],"maxHpGained":0,"goldGained":0,"damageTaken":0,"goldLost":99,"maxHpLost":0},"potions_obtained":[{"floor":1.0,"key":"DistilledChaos"},{"floor":5.0,"key":"AttackPotion"},{"floor":8.0,"key":"Explosive Potion"},{"floor":12.0,"key":"Dexterity Potion"},{"floor":13.0,"key":"PotionOfCapacity"},{"floor":16.0,"key":"Energy Potion"}],"is_trial":false,"path_per_floor":["M","M","M","M","M","E","R","M","T","M","R","M","E","?","R","B",null,"M","?","M","M","$","R","E"],"character_chosen":"DEFECT","basemod:card_modifiers":[null,null,null,null,null,null,null,null,null,null,null,null,null,null,null,null,null,null,null,null,null],"items_purchased":["Heatsinks"],"campfire_rested":2,"item_purchase_floors":[22],"current_hp_per_floor":[64,64,52,46,46,30,30,37,37,38,38,37,17,10,31,38,63,55,55,50,36,36,57,0],"gold":137,"neow_bonus":"THREE_RARE_CARDS","is_prod":false,"is_daily":false,"rewards_skipped":[{"floor":19,"relics":[],"potions":["DuplicationPotion","Block Potion"]},{"floor":21,"relics":[],"potions":["AttackPotion"]}],"chose_seed":false,"campfire_upgraded":2,"win_rate":0,"floor_exit_playtime":[68,91,127,172,223,319,366,392,399,439,449,530,599,633,636,777,836,906,915,969,1042,1085,1097],"timestamp":1716564420,"blue_key_relic_skipped_log":{"floor":9,"relicID":"Bottled Flame"},"path_taken":["M","M","M","M","M","E","R","M","T","M","R","M","E","?","R","BOSS","M","?","?","M","$","R","E"],"build_version":"2022-12-01","purchased_purges":1,"victory":false,"max_hp_per_floor":[71,71,71,71,71,71,71,71,71,71,71,71,71,71,71,71,71,71,71,71,71,71,71,71],"relic_stats":{"Sozu":1,"Centennial Puzzle":[21],"counters":[15,59],"obtain_stats":[{"Sozu":17,"Centennial Puzzle":6,"Thread and Needle":13,"Cracked Core":0},{"Sozu":11,"Centennial Puzzle":6,"Thread and Needle":10,"Cracked Core":0},{"Sozu":43,"Centennial Puzzle":22,"Thread and Needle":34,"Cracked Core":0}]},"card_choices":[{"not_picked":["Multi-Cast","Echo Form"],"picked":"Electrodynamics","floor":0.0},{"not_picked":["Turbo","Gash"],"picked":"Rebound","floor":1.0},{"not_picked":["FTL","Steam"],"picked":"Sweeping Beam","floor":2.0},{"not_picked":["Leap","Fusion"],"picked":"Auto Shields","floor":3.0},{"not_picked":["Static Discharge","Reinforced Body"],"picked":"Cold Snap","floor":4.0},{"not_picked":["Sweeping Beam","Coolheaded"],"picked":"Self Repair","floor":5.0},{"not_picked":["Sweeping Beam","Reinforced Body"],"picked":"Ball Lightning","floor":6.0},{"not_picked":["Leap","Lockon"],"picked":"Defragment","floor":8.0},{"not_picked":["Ball Lightning","Thunder Strike","Rebound"],"picked":"SKIP","floor":10.0},{"not_picked":["Go for the Eyes","Tempest","Leap"],"picked":"SKIP","floor":12.0},{"not_picked":["BootSequence","Redo","Chaos"],"picked":"SKIP","floor":13.0},{"not_picked":["Amplify","Hyperbeam"],"picked":"Core Surge","floor":16.0},{"not_picked":["Cold Snap","Steam","Turbo"],"picked":"SKIP","floor":18.0},{"not_picked":["Streamline","Go for the Eyes"],"picked":"Capacitor","floor":20},{"not_picked":["Barrage","Leap"],"picked":"Go for the Eyes+1","floor":21}],"player_experience":204071,"relics_obtained":[{"floor":6.0,"key":"Centennial Puzzle"},{"floor":13.0,"key":"Thread and Needle"}],"event_choices":[{"cards_removed":["Strike_B"],"damage_healed":0.0,"max_hp_gain":0.0,"max_hp_loss":0.0,"gold_gain":0.0,"event_name":"Golden Wing","player_choice":"Card Removal","floor":14.0,"gold_loss":0.0,"damage_taken":7.0},{"damage_healed":0,"gold_gain":0,"player_choice":"Got Potions","damage_taken":0,"max_hp_gain":0,"max_hp_loss":0,"event_name":"Lab","floor":19,"gold_loss":0}],"is_beta":false,"boss_relics":[{"not_picked":["Busted Crown","SacredBark"],"picked":"Sozu"}],"items_purged_floors":[22],"is_endless":false,"potions_floor_spawned":[1,5,8,12,13,16,21],"killed_by":"Book of Stabbing","ascension_level":20,"potion_discard_per_floor":[[],[],[],[],[],[],[],[],[],[],[],[],["Dexterity Potion"],[],[],[],[],[],[],[],[],[],[],[]]}