{"neow_bonuses_skipped_log":["RANDOM_COMMON_RELIC","TRANSFORM_TWO_CARDS","BOSS_RELIC"],"neow_costs_skipped_log":["NONE","PERCENT_DAMAGE","NONE"],"potions_obtained_entropic_brew":[[],[],[],[],[],[],[],[],[],[],[],[],[],[],[],[]],"gold_per_floor":[110,128,0,20,32,32,64,64,64,96,96,112,112,122,122,122],"floor_reached":16,"playtime":2570,"items_purged":[],"score":224,"play_id":"e7950b75-4bec-4ac0-b35a-fb829d3b5fc5","local_time":"20240604110458","score_breakdown":["Floors Climbed (16): 80","Enemies Slain (6): 12","Exordium Elites Killed (2): 20","Bosses Slain (0): 0","Ascension (20): 112"],"is_ascension_mode":true,"potions_obtained_alchemize":[[],[],[],[],[],[],[],[],[],[],[],[],[],[],[],[]],"campfire_choices":[{"data":"Zap","floor":6,"key":"SMITH"},{"data":"Sweeping Beam","floor":11,"key":"SMITH"},{"floor":15,"key":"REST"}],"lesson_learned_per_floor":[[],[],[],[],[],[],[],[],[],[],[],[],[],[],[],[]],"neow_cost":"NONE","improvable_cards":{},"seed_source_timestamp":5855543894166,"shop_contents":[{"floor":3,"relics":["Ancient Tea Set","Anchor","DollysMirror"],"cards":["Core Surge","Sunder","Redo","Defragment","Forethought","Metamorphosis"],"potions":["Ancient Potion","PowerPotion"]}],"circlet_count":0,"master_deck":["AscendersBane","Strike_B","Strike_B","Strike_B","Strike_B","Defend_B","Defend_B+1","Defend_B","Defend_B","Zap+1","Dualcast","Lockon","Steam","Skim","Rebound","Redo+1","Sweeping Beam+1","Glacier","Hologram","Coolheaded"],"special_seed":0,"potion_use_per_floor":[[],[],[],[],["SpeedPotion"],[],["SkillPotion"],[],[],[],[],[],[],[],[],[]],"relics":["Cracked Core","War Paint","Blood Vial","Potion Belt"],"potions_floor_usage":[5,7],"damage_taken":[{"damage":0.0,"enemies":"Small Slimes","floor":1.0,"turns":2.0},{"damage":0.0,"enemies":"Cultist","floor":2.0,"turns":3.0},{"damage":0,"enemies":"2 Louse","floor":4,"turns":2},{"damage":2,"enemies":"Exordium Wildlife","floor":5,"turns":3},{"damage":45,"enemies":"3 Sentries","floor":7,"turns":11},{"damage":16,"enemies":"Lagavulin","floor":10,"turns":5},{"damage":10,"enemies":"Lots of Slimes","floor":12,"turns":3},{"damage":10,"enemies":"Large Slime","floor":14,"turns":5},{"damage":36,"enemies":"Hexaghost","floor":16,"turns":9}],"seed_played":"3073575168057527572","neow_bonus_log":{"cardsObtained":[],"cardsUpgraded":[],"cardsRemoved":[],"cardsTransformed":[],"relicsObtained":[],"maxHpGained":0,"goldGained":0,"damageTaken":0,"goldLost":0,"maxHpLost":0},"potions_obtained":[{"floor":1.0,"key":"SpeedPotion"},{"floor":5,"key":"SkillPotion"}],"is_trial":false,"path_per_floor":["M","M","$","M","M","R","E","?","T","E","R","M","?","M","R","B"],"character_chosen":"DEFECT","basemod:card_modifiers":[null,null,null,null,null,null,null,null,null,null,null,null,null,null,null,null,null,null,null,null],"items_purchased":["Fire Potion","Skim"],"campfire_rested":1,"item_purchase_floors":[3,3],"current_hp_per_floor":[64,64,64,64,62,62,17,40,40,26,26,18,18,10,31,0],"gold":122,"neow_bonus":"THREE_CARDS","is_prod":false,"is_daily":false,"rewards_skipped":[],"chose_seed":false,"campfire_upgraded":2,"win_rate":0,"floor_exit_playtime":[193,237,256,285,1884,1907,2127,2139,2143,2206,2222,2273,2291,2408,2412],"timestamp":1717513498,"path_taken":["M","M","$","M","M","R","E","?","T","E","R","M","?","M","R","BOSS"],"build_version":"2022-12-01","purchased_purges":0,"victory":false,"max_hp_per_floor":[71,71,71,71,71,71,71,71,71,71,71,71,71,71,71,71],"relic_stats":{"Blood Vial":8,"counters":[9,43],"War Paint":["Redo","Defend_B"],"obtain_stats":[{"Blood Vial":9,"Potion Belt":10,"War Paint":7,"Cracked Core":0},{"Blood Vial":5,"Potion Belt":6,"War Paint":5,"Cracked Core":0},{"Blood Vial":21,"Potion Belt":26,"War Paint":21,"Cracked Core":0}]},"card_choices":[{"not_picked":["Steam Power","Static Discharge"],"picked":"Lockon","floor":0.0},{"not_picked":["Tempest","Chill"],"picked":"Steam","floor":1.0},{"not_picked":["Auto Shields","Steam","Chill"],"picked":"SKIP","floor":2.0},{"not_picked":["Conserve Battery","Stack"],"picked":"Rebound","floor":4},{"not_picked":["Go for the Eyes","Recycle"],"picked":"Redo","floor":5},{"not_picked":["Melter","Machine Learning"],"picked":"Sweeping Beam","floor":7},{"not_picked":["Skim","Beam Cell"],"picked":"Glacier","floor":10},{"not_picked":["Rip and Tear","FTL"],"picked":"Hologram","floor":12},{"not_picked":["Sweeping Beam","Rebound"],"picked":"Coolheaded","floor":14}],"player_experience":215010,"relics_obtained":[{"floor":7,"key":"War Paint"},{"floor":9,"key":"Blood Vial"},{"floor":10,"key":"Potion Belt"}],"event_choices":[{"damage_healed":23,"gold_gain":0,"player_choice":"Banana","damage_taken":0,"max_hp_gain":0,"max_hp_loss":0,"event_name":"Big Fish","floor":8,"gold_loss":0},{"damage_healed":0,"gold_gain":0,"player_choice":"Searched \u00270\u0027 times","damage_taken":0,"max_hp_gain":0,"max_hp_loss":0,"event_name":"Dead Adventurer","floor":13,"gold_loss":0}],"is_beta":false,"boss_relics":[],"items_purged_floors":[],"is_endless":false,"potions_floor_spawned":[1,5],"killed_by":"Hexaghost","ascension_level":20,"potion_discard_per_floor":[[],[],[],[],[],[],[],[],[],[],[],[],[],[],[],[]]}