{"neow_bonuses_skipped_log":["TRANSFORM_CARD","TEN_PERCENT_HP_BONUS","TRANSFORM_TWO_CARDS"],"potions_obtained_entropic_brew":[[],[],["BlessingOfTheForge","DistilledChaos"],[],[],[],[],[],[],[],[],[],[],[],[],[],[],[],[],[],[],[],[],[],[],[],[],[],[],[],[],[],[],[],[],[],[],[],[],[],[]],"neow_costs_skipped_log":["NONE","NONE","NO_GOLD"],"gold_per_floor":[110,110,129,144,219,219,236,271,296,296,312,325,26,38,38,115,115,135,185,14,14,14,43,43,86,86,86,66,91,113,122,122,210,210,232,232,257,257,278,278,278],"floor_reached":41,"playtime":3493,"items_purged":["Defend_B"],"score":966,"play_id":"275340d6-f7c8-43fb-b853-4f8ef8f1c33d","local_time":"20240602224348","score_breakdown":["Floors Climbed (41): 205","Enemies Slain (14): 28","Exordium Elites Killed (1): 10","City Elites Killed (2): 40","Beyond Elites Killed (0): 0","Bosses Slain (2): 150","Champion (1): 25","C-c-c-combo: 25","Ascension (20): 483"],"is_ascension_mode":true,"potions_obtained_alchemize":[[],[],[],[],[],[],[],[],[],[],[],[],[],[],[],[],[],[],[],[],[],[],[],[],[],[],[],[],[],[],[],[],[],[],[],[],[],[],[],[],[]],"campfire_choices":[{"data":"Rip and Tear","floor":6,"key":"SMITH"},{"data":"Zap","floor":10,"key":"SMITH"},{"floor":15,"key":"REST"},{"floor":24,"key":"REST"},{"data":"Apotheosis","floor":27,"key":"SMITH"},{"floor":32,"key":"REST"},{"floor":40,"key":"RECALL"}],"lesson_learned_per_floor":[[],[],[],[],[],[],[],[],[],[],[],[],[],[],[],[],[],[],[],[],[],[],[],[],[],[],[],[],[],[],[],[],[],[],[],[],[],[],[],[],[]],"neow_cost":"NONE","improvable_cards":{"Genetic Algorithm+1":[39]},"seed_source_timestamp":5189582397041,"shop_contents":[{"floor":13,"relics":["Nunchaku","Anchor","HandDrill"],"cards":["Beam Cell","Reprogram","Defragment","Jack Of All Trades"],"potions":["Explosive Potion","Explosive Potion","AttackPotion"]},{"floor":20,"relics":["Akabeko","Prayer Wheel","PrismaticShard"],"cards":["Gash","Sunder","Fusion","Turbo","Static Discharge","Magnetism"],"potions":["AttackPotion","Swift Potion","Swift Potion"]}],"circlet_count":0,"master_deck":["AscendersBane","Strike_B","Strike_B","Defend_B","Zap+1","Dualcast","Self Repair","Rip and Tear+1","Heatsinks","Coolheaded","Genetic Algorithm+1","Core Surge","Sunder","Apotheosis+1","Recycle","Go for the Eyes","Reboot","Reinforced Body+1","PanicButton","Seek+1","Core Surge","Chill","Loop+1","Skim","Compile Driver+1","Necronomicurse","Machine Learning","Fusion+1","Barrage","BootSequence+1"],"potion_use_per_floor":[[],[],["EntropicBrew"],[],[],[],[],["BlessingOfTheForge"],[],[],["EssenceOfSteel"],[],[],["EssenceOfDarkness"],[],["SteroidPotion"],[],[],[],[],[],[],["SteroidPotion","SneckoOil"],[],["ColorlessPotion"],[],[],[],[],[],[],[],[],[],[],[],[],[],[],[],["Explosive Potion"]],"relics":["Empty Cage","CultistMask","Sundial","DataDisk","Inserter","War Paint","CeramicFish","Shuriken","Necronomicon","SlaversCollar"],"potions_floor_usage":[3,8,11,14,16,23,23,25,41],"damage_taken":[{"damage":7,"enemies":"Cultist","floor":1,"turns":5},{"damage":9,"enemies":"Jaw Worm","floor":3,"turns":5},{"damage":4,"enemies":"2 Louse","floor":4,"turns":4},{"damage":12,"enemies":"Large Slime","floor":7,"turns":5},{"damage":11,"enemies":"Lagavulin","floor":8,"turns":7},{"damage":5,"enemies":"Blue Slaver","floor":11,"turns":4},{"damage":27,"enemies":"Gremlin Gang","floor":12,"turns":6},{"damage":12,"enemies":"Lots of Slimes","floor":14,"turns":3},{"damage":19,"enemies":"Slime Boss","floor":16,"turns":7},{"damage":32,"enemies":"Shell Parasite","floor":18,"turns":5},{"damage":0,"enemies":"Gremlin Leader","floor":23,"turns":7},{"damage":14,"enemies":"Slavers","floor":25,"turns":4},{"damage":2,"enemies":"2 Thieves","floor":28,"turns":5},{"damage":21,"enemies":"Sentry and Sphere","floor":29,"turns":8},{"damage":0,"enemies":"Chosen and Byrds","floor":30,"turns":6},{"damage":20,"enemies":"Champ","floor":33,"turns":10},{"damage":15,"enemies":"3 Shapes","floor":35,"turns":9},{"damage":9,"enemies":"3 Darklings","floor":37,"turns":8},{"damage":0,"enemies":"Jaw Worm Horde","floor":39,"turns":4},{"damage":82,"enemies":"Reptomancer","floor":41,"turns":3}],"seed_played":"-8447462249795800205","neow_bonus_log":{"cardsObtained":[],"cardsUpgraded":[],"cardsRemoved":[],"cardsTransformed":[],"relicsObtained":["Empty Cage"],"maxHpGained":0,"goldGained":0,"damageTaken":0,"goldLost":0,"maxHpLost":0},"potions_obtained":[{"floor":1,"key":"EntropicBrew"},{"floor":4,"key":"SteroidPotion"},{"floor":8,"key":"EssenceOfSteel"},{"floor":12,"key":"EssenceOfDarkness"},{"floor":16,"key":"SteroidPotion"},{"floor":18,"key":"SneckoOil"},{"floor":23,"key":"ColorlessPotion"},{"floor":33,"key":"BlessingOfTheForge"},{"floor":35,"key":"Explosive Potion"}],"is_trial":false,"path_per_floor":["M","?","M","M","?","R","M","E","T","R","M","M","$","M","R","B",null,"M","?","$","?","?","E","R","E","T","R","M","M","M","?","R","B",null,"M","?","M","?","M","R","E"],"character_chosen":"DEFECT","basemod:card_modifiers":[null,null,null,null,null,null,null,null,null,null,null,null,null,null,null,null,null,null,null,null,null,null,null,null,null,null,null,null,null,null],"items_purchased":["Apotheosis","Recycle","Go for the Eyes","PanicButton"],"campfire_rested":3,"item_purchase_floors":[13,13,13,20],"current_hp_per_floor":[57,57,55,58,47,47,42,38,38,38,40,20,20,8,29,20,58,33,33,33,13,13,23,45,38,38,38,43,29,39,18,40,30,65,60,60,61,61,71,71,0],"gold":278,"neow_bonus":"BOSS_RELIC","is_prod":false,"is_daily":false,"rewards_skipped":[],"chose_seed":false,"campfire_upgraded":3,"win_rate":0,"floor_exit_playtime":[378,387,434,497,516,527,750,859,862,875,934,1046,1075,1151,1155,1309,1344,1447,1452,1481,1486,1496,1682,1697,1781,1789,1803,1933,2069,2249,2306,2312,2655,2714,2897,2901,3161,3174,3398,3413],"timestamp":1717382628,"path_taken":["M","?","M","M","?","R","M","E","T","R","M","M","$","M","R","BOSS","M","?","$","?","?","E","R","E","T","R","M","M","?","?","R","BOSS","M","?","M","?","M","R","E"],"build_version":"2022-12-01","purchased_purges":1,"victory":false,"max_hp_per_floor":[71,71,71,71,71,71,71,71,71,71,71,71,71,71,71,71,71,71,71,71,76,76,76,76,76,76,76,76,76,76,76,76,76,76,76,76,76,72,72,72,72],"relic_stats":{"Inserter":[34],"counters":[20,115],"Sundial":[52],"Shuriken":[18],"CeramicFish":72,"Necronomicon":[5],"War Paint":["Seek","Genetic Algorithm"],"obtain_stats":[{"SlaversCollar":34,"DataDisk":9,"Inserter":17,"Sundial":8,"Shuriken":26,"CeramicFish":25,"CultistMask":2,"Necronomicon":31,"War Paint":23,"Cracked Core":0,"Empty Cage":0},{"SlaversCollar":16,"DataDisk":5,"Inserter":9,"Sundial":5,"Shuriken":12,"CeramicFish":12,"CultistMask":1,"Necronomicon":15,"War Paint":11,"Cracked Core":0,"Empty Cage":0},{"SlaversCollar":91,"DataDisk":26,"Inserter":46,"Sundial":26,"Shuriken":62,"CeramicFish":62,"CultistMask":5,"Necronomicon":81,"War Paint":58,"Cracked Core":0,"Empty Cage":0}]},"card_choices":[{"not_picked":["Turbo","Gash"],"picked":"Self Repair","floor":1},{"not_picked":["Redo","Leap"],"picked":"Rip and Tear","floor":3},{"not_picked":["Barrage","Leap"],"picked":"Heatsinks","floor":4},{"not_picked":["Go for the Eyes","Steam"],"picked":"Coolheaded","floor":7},{"not_picked":["Barrage","Scrape"],"picked":"Genetic Algorithm","floor":8},{"not_picked":["Ball Lightning","Redo"],"picked":"Core Surge","floor":11},{"not_picked":["Redo","Melter"],"picked":"Sunder","floor":12},{"not_picked":["Compile Driver","Reprogram","Fusion"],"picked":"SKIP","floor":14},{"not_picked":["Echo Form","Seek"],"picked":"Reboot","floor":16},{"not_picked":["Rip and Tear","Streamline"],"picked":"Reinforced Body+1","floor":18},{"not_picked":["Conserve Battery","Barrage"],"picked":"Chill","floor":23},{"not_picked":["Cold Snap","Lockon"],"picked":"Loop+1","floor":25},{"not_picked":["Go for the Eyes","Static Discharge","Sweeping Beam"],"picked":"SKIP","floor":28},{"not_picked":["Ball Lightning","Go for the Eyes"],"picked":"Skim","floor":29},{"not_picked":["Static Discharge+1","Self Repair"],"picked":"Compile Driver+1","floor":30},{"not_picked":["Reboot","Fission"],"picked":"Machine Learning","floor":33},{"not_picked":["Lockon","Auto Shields"],"picked":"Fusion+1","floor":35},{"not_picked":["Loop","Leap"],"picked":"Barrage","floor":37},{"not_picked":["Aggregate","Darkness"],"picked":"BootSequence+1","floor":39}],"player_experience":207067,"relics_obtained":[{"floor":8,"key":"Sundial"},{"floor":9,"key":"DataDisk"},{"floor":23,"key":"War Paint"},{"floor":25,"key":"CeramicFish"},{"floor":26,"key":"Shuriken"},{"floor":31,"key":"Necronomicon"}],"event_choices":[{"damage_healed":0,"gold_gain":0,"player_choice":"Trade","damage_taken":0,"relics_obtained":["CultistMask"],"max_hp_gain":0,"max_hp_loss":0,"event_name":"FaceTrader","floor":2,"gold_loss":0},{"damage_healed":0,"gold_gain":75,"player_choice":"Gather Gold","damage_taken":11,"max_hp_gain":0,"max_hp_loss":0,"event_name":"World of Goop","floor":5,"gold_loss":0},{"damage_healed":0,"gold_gain":50,"player_choice":"Stole From Cult","damage_taken":0,"max_hp_gain":0,"max_hp_loss":0,"event_name":"Nest","floor":19,"gold_loss":0},{"damage_healed":0,"gold_gain":0,"player_choice":"Shed Blood","damage_taken":25,"max_hp_gain":5,"max_hp_loss":0,"event_name":"Forgotten Altar","floor":21,"gold_loss":0},{"damage_healed":0,"gold_gain":0,"cards_transformed":["Strike_B","Defend_B"],"player_choice":"Became Test Subject","damage_taken":0,"max_hp_gain":0,"max_hp_loss":0,"event_name":"Drug Dealer","floor":22,"gold_loss":0,"cards_obtained":["Seek","Core Surge"]},{"damage_healed":0,"gold_gain":0,"player_choice":"Obtained Book","damage_taken":21,"max_hp_gain":0,"max_hp_loss":0,"event_name":"Cursed Tome","floor":31,"gold_loss":0},{"damage_healed":0,"gold_gain":0,"player_choice":"Ignored","damage_taken":0,"max_hp_gain":0,"max_hp_loss":0,"event_name":"Tomb of Lord Red Mask","floor":36,"gold_loss":0},{"damage_healed":0,"gold_gain":0,"player_choice":"Max HP","damage_taken":0,"max_hp_gain":0,"max_hp_loss":4,"event_name":"Winding Halls","floor":38,"gold_loss":0}],"is_beta":false,"boss_relics":[{"not_picked":["Velvet Choker","SacredBark"],"picked":"Inserter"},{"not_picked":["Calling Bell","Sozu"],"picked":"SlaversCollar"}],"items_purged_floors":[20],"is_endless":false,"potions_floor_spawned":[1,4,8,12,16,18,23,33,35],"killed_by":"Reptomancer","ascension_level":20,"potion_discard_per_floor":[[],[],[],["DistilledChaos"],[],[],[],[],[],[],[],[],[],[],[],[],[],[],[],[],[],[],[],[],[],[],[],[],[],[],[],[],[],[],[],[],[],[],[],[],[]]}