{"neow_bonuses_skipped_log":["UPGRADE_CARD","TEN_PERCENT_HP_BONUS","BOSS_RELIC"],"potions_obtained_entropic_brew":[[],[],[],["PowerPotion","EssenceOfSteel"],[],[],[],[],[],[],[],[],[],[],[],[],[],[],[],[],[],[],[],[],[],[],[],[],[],[],[],[],[],[],[],[],[],[],[],[]],"neow_costs_skipped_log":["NONE","NONE","NONE"],"gold_per_floor":[17,29,47,57,57,57,90,90,90,90,48,48,61,89,89,162,162,181,181,199,219,219,219,239,239,287,304,324,339,357,282,282,359,409,423,437,90,101,111,111],"floor_reached":40,"playtime":11097,"items_purged":["Defend_B"],"score":908,"play_id":"491df299-e5ac-4485-9d5b-d662a897bc0d","local_time":"20240607113813","score_breakdown":["Floors Climbed (40): 200","Enemies Slain (17): 34","Exordium Elites Killed (2): 20","City Elites Killed (0): 0","Beyond Elites Killed (0): 0","Bosses Slain (2): 150","Champion (1): 25","Overkill: 25","Ascension (20): 454"],"is_ascension_mode":true,"potions_obtained_alchemize":[[],[],[],[],[],[],[],[],[],[],[],[],[],[],[],[],[],[],[],[],[],[],[],[],[],[],[],[],[],[],[],[],[],[],[],[],[],[],[],[]],"campfire_choices":[{"data":"Streamline","floor":6,"key":"SMITH"},{"data":"Fission","floor":8,"key":"SMITH"},{"data":"Zap","floor":10,"key":"SMITH"},{"data":"Hologram","floor":12,"key":"SMITH"},{"data":"Heatsinks","floor":15,"key":"SMITH"},{"data":"Ghostly","floor":23,"key":"SMITH"},{"data":"Ghostly","floor":25,"key":"SMITH"},{"data":"Rainbow","floor":32,"key":"SMITH"}],"lesson_learned_per_floor":[[],[],[],[],[],[],[],[],[],[],[],[],[],[],[],[],[],[],[],[],[],[],[],[],[],[],[],[],[],[],[],[],[],[],[],[],[],[],[],[]],"neow_cost":"NO_GOLD","improvable_cards":{"Genetic Algorithm":[49,37]},"seed_source_timestamp":63324748050542,"shop_contents":[{"floor":11,"relics":["Lantern","Ginger","Runic Capacitor"],"cards":["Scrape","Barrage","Steam","Turbo","Trip","Mayhem"],"potions":["Weak Potion","FearPotion","SneckoOil"]},{"floor":37,"relics":["Akabeko","Orichalcum","Strange Spoon"],"cards":["All For One","Sunder","Fusion","Coolheaded","Storm","Blind"],"potions":["Strength Potion","SkillPotion"]}],"circlet_count":0,"master_deck":["AscendersBane","Strike_B","Strike_B+1","Strike_B","Strike_B","Defend_B","Defend_B","Zap+1","Dualcast","Cold Snap","Streamline+1","Hologram+1","Fission+1","Self Repair","Heatsinks+1","Genetic Algorithm","Undo","Echo Form","Gash","Ghostly+1","Ghostly+1","Ghostly","Genetic Algorithm","Rainbow+1","Coolheaded","Loop","Electrodynamics","Reinforced Body","Compile Driver+1","Master of Strategy","Defragment","Hologram"],"potion_use_per_floor":[[],[],[],["EntropicBrew","EssenceOfSteel"],[],[],["PowerPotion"],[],[],[],[],[],[],[],[],[],[],["AttackPotion"],[],[],[],[],[],[],[],[],[],[],["DistilledChaos"],["Weak Potion"],[],[],[],[],["FearPotion"],[],[],[],[],["PowerPotion","FocusPotion"]],"relics":["Cracked Core","Calipers","Strawberry","Pen Nib","Bird Faced Urn","Mango","Cursed Key","Tiny House"],"potions_floor_usage":[4,4,7,18,29,30,35,40,40],"damage_taken":[{"damage":0,"enemies":"Cultist","floor":1,"turns":4},{"damage":2,"enemies":"Small Slimes","floor":2,"turns":4},{"damage":0,"enemies":"2 Louse","floor":3,"turns":3},{"damage":0,"enemies":"Blue Slaver","floor":4,"turns":3},{"damage":0,"enemies":"3 Sentries","floor":7,"turns":3},{"damage":9,"enemies":"2 Fungi Beasts","floor":13,"turns":3},{"damage":7,"enemies":"Gremlin Nob","floor":14,"turns":3},{"damage":43,"enemies":"Slime Boss","floor":16,"turns":11},{"damage":24,"enemies":"Chosen","floor":18,"turns":7},{"damage":2,"enemies":"Shell Parasite","floor":20,"turns":5},{"damage":1,"enemies":"Centurion and Healer","floor":21,"turns":8},{"damage":22,"enemies":"Snake Plant","floor":24,"turns":7},{"damage":30,"enemies":"Shelled Parasite and Fungi","floor":27,"turns":10},{"damage":10,"enemies":"Sentry and Sphere","floor":28,"turns":9},{"damage":21,"enemies":"Snake Plant","floor":29,"turns":8},{"damage":13,"enemies":"Chosen and Byrds","floor":30,"turns":10},{"damage":13,"enemies":"Champ","floor":33,"turns":13},{"damage":0,"enemies":"Orb Walker","floor":35,"turns":4},{"damage":0,"enemies":"3 Shapes","floor":36,"turns":4},{"damage":32,"enemies":"Writhing Mass","floor":38,"turns":10},{"damage":0,"enemies":"Maw","floor":39,"turns":10},{"damage":58,"enemies":"Reptomancer","floor":40,"turns":3}],"seed_played":"3529887368176769932","neow_bonus_log":{"cardsObtained":[],"cardsUpgraded":[],"cardsRemoved":[],"cardsTransformed":[],"relicsObtained":["Calipers"],"maxHpGained":0,"goldGained":0,"damageTaken":0,"goldLost":99,"maxHpLost":0},"potions_obtained":[{"floor":3,"key":"EntropicBrew"},{"floor":13,"key":"AttackPotion"},{"floor":20,"key":"Weak Potion"},{"floor":27,"key":"Dexterity Potion"},{"floor":28,"key":"DistilledChaos"},{"floor":29,"key":"FearPotion"},{"floor":34,"key":"Energy Potion"},{"floor":38,"key":"PowerPotion"}],"is_trial":false,"path_per_floor":["M","M","M","M","?","R","E","R","T","R","$","R","M","E","R","B",null,"M","?","M","M","?","R","M","R","T","M","M","M","M","?","R","B",null,"M","M","$","M","M","E"],"character_chosen":"DEFECT","basemod:card_modifiers":[null,null,null,null,null,null,null,null,null,null,null,null,null,null,null,null,null,null,null,null,null,null,null,null,null,null,null,null,null,null,null,null],"items_purchased":["Heatsinks","Master of Strategy","FocusPotion"],"campfire_rested":0,"item_purchase_floors":[11,37,37],"current_hp_per_floor":[64,62,62,62,64,64,64,64,64,64,64,64,66,73,73,41,79,68,46,44,46,46,46,33,33,33,16,19,11,24,24,24,37,49,51,51,51,43,51,0],"gold":111,"neow_bonus":"ONE_RARE_RELIC","is_prod":false,"is_daily":false,"rewards_skipped":[{"floor":39,"relics":[],"potions":["Regen Potion"]}],"chose_seed":false,"campfire_upgraded":8,"win_rate":0,"floor_exit_playtime":[7553,7608,7659,7730,7739,7747,7835,7848,7851,7858,7875,7884,7941,8014,8023,8236,8354,8704,8725,8851,8977,8996,9009,9153,9163,9172,9378,9529,9680,9888,9896,9938,10244,10291,10386,10469,10531,10739,10974],"timestamp":1717785493,"blue_key_relic_skipped_log":{"floor":26,"relicID":"Happy Flower"},"path_taken":["M","M","M","M","?","R","E","R","T","R","$","R","M","E","R","BOSS","M","?","M","M","?","R","M","R","T","M","?","M","?","?","R","BOSS","M","M","$","M","M","E"],"build_version":"2022-12-01","purchased_purges":1,"victory":false,"max_hp_per_floor":[71,71,71,71,78,78,78,78,78,78,78,78,78,92,92,92,92,92,46,46,46,46,46,46,46,46,46,46,46,46,46,46,46,51,51,51,51,51,51,51],"relic_stats":{"Calipers":[1133],"counters":[22,142],"Bird Faced Urn":[81],"Pen Nib":[16],"Cursed Key":1,"obtain_stats":[{"Calipers":0,"Tiny House":34,"Strawberry":5,"Bird Faced Urn":9,"Mango":14,"Pen Nib":7,"Cracked Core":0,"Cursed Key":17},{"Calipers":0,"Tiny House":17,"Strawberry":4,"Bird Faced Urn":5,"Mango":7,"Pen Nib":5,"Cracked Core":0,"Cursed Key":8},{"Calipers":0,"Tiny House":111,"Strawberry":14,"Bird Faced Urn":17,"Mango":23,"Pen Nib":17,"Cracked Core":0,"Cursed Key":34}]},"card_choices":[{"not_picked":["Static Discharge","Steam"],"picked":"Cold Snap","floor":1},{"not_picked":["Coolheaded","Leap"],"picked":"Streamline","floor":2},{"not_picked":["Storm","Cold Snap"],"picked":"Hologram","floor":3},{"not_picked":["Fusion","Conserve Battery"],"picked":"Fission","floor":4},{"not_picked":["Glacier","Genetic Algorithm"],"picked":"Self Repair","floor":7},{"not_picked":["Sweeping Beam","Steam"],"picked":"Genetic Algorithm","floor":13},{"not_picked":["Compile Driver","Gash"],"picked":"Undo","floor":14},{"not_picked":["Reboot","Multi-Cast"],"picked":"Echo Form","floor":16},{"not_picked":["Blizzard+1","Consume"],"picked":"Gash","floor":18},{"not_picked":["Leap","Redo+1"],"picked":"Genetic Algorithm","floor":20},{"not_picked":["Go for the Eyes","Consume","Conserve Battery+1"],"picked":"SKIP","floor":21},{"not_picked":["Consume","Redo","Lockon"],"picked":"SKIP","floor":24},{"not_picked":["Steam+1","Stack"],"picked":"Rainbow","floor":27},{"not_picked":["Redo","Hello World"],"picked":"Coolheaded","floor":28},{"not_picked":["Fusion","Streamline"],"picked":"Loop","floor":29},{"not_picked":["Ball Lightning","Conserve Battery","Barrage+1"],"picked":"SKIP","floor":30},{"not_picked":["All For One","Hyperbeam"],"picked":"Electrodynamics","floor":33},{"not_picked":["Sweeping Beam","Coolheaded"],"picked":"Reinforced Body","floor":34},{"not_picked":["Barrage+1","Stack","Ball Lightning"],"picked":"SKIP","floor":35},{"not_picked":["Buffer","Stack"],"picked":"Compile Driver+1","floor":36},{"not_picked":["Turbo","Undo+1"],"picked":"Defragment","floor":38},{"not_picked":["Streamline","Genetic Algorithm"],"picked":"Hologram","floor":39}],"player_experience":146042,"relics_obtained":[{"floor":7,"key":"Pen Nib"},{"floor":9,"key":"Bird Faced Urn"},{"floor":14,"key":"Mango"}],"event_choices":[{"damage_healed":0,"gold_gain":0,"player_choice":"Success","damage_taken":5,"relics_obtained":["Strawberry"],"max_hp_gain":0,"max_hp_loss":0,"event_name":"Scrap Ooze","floor":5,"gold_loss":0},{"damage_healed":0,"gold_gain":0,"player_choice":"Became a Ghost","damage_taken":0,"max_hp_gain":0,"max_hp_loss":46,"event_name":"Ghosts","floor":19,"gold_loss":0,"cards_obtained":["Ghostly","Ghostly","Ghostly"]},{"cards_removed":["Defend_B"],"damage_healed":0,"gold_gain":0,"player_choice":"Offered Basic","damage_taken":0,"max_hp_gain":0,"max_hp_loss":0,"event_name":"Bonfire Elementals","floor":22,"gold_loss":0},{"cards_removed":["Pain"],"damage_healed":0,"gold_gain":0,"player_choice":"Gave Gold","damage_taken":0,"max_hp_gain":0,"max_hp_loss":0,"event_name":"Beggar","floor":31,"gold_loss":75}],"is_beta":false,"boss_relics":[{"not_picked":["Velvet Choker","FrozenCore"],"picked":"Cursed Key"},{"not_picked":["Busted Crown","Philosopher\u0027s Stone"],"picked":"Tiny House"}],"items_purged_floors":[37],"is_endless":false,"potions_floor_spawned":[3,13,20,27,28,29,38,39],"killed_by":"Reptomancer","ascension_level":20,"potion_discard_per_floor":[[],[],[],[],[],[],[],[],[],[],[],[],[],[],[],[],[],[],[],[],[],[],[],[],[],[],[],["Dexterity Potion"],[],[],[],[],[],[],[],[],[],["Energy Potion"],[],[]]}