{"neow_bonuses_skipped_log":["ONE_RANDOM_RARE_CARD","RANDOM_COMMON_RELIC","BOSS_RELIC"],"neow_costs_skipped_log":["NONE","NONE","NONE"],"potions_obtained_entropic_brew":[[],[],[],[],[],[],[],[],[],[],[],[],[],[],[],[],[],[],[],[],[],[],[],[],[],[],[]],"gold_per_floor":[18,32,50,50,50,50,84,101,154,154,174,174,206,216,216,291,291,311,311,311,35,49,75,94,94,94,94],"floor_reached":27,"playtime":2266,"items_purged":["Strike_B"],"score":486,"play_id":"9e622381-82a7-4e2e-8f7d-4e5bae19d2d6","local_time":"20240604102135","score_breakdown":["Floors Climbed (27): 135","Enemies Slain (9): 18","Exordium Elites Killed (2): 20","City Elites Killed (1): 20","Bosses Slain (1): 50","Ascension (20): 243"],"is_ascension_mode":true,"potions_obtained_alchemize":[[],[],[],[],[],[],[],[],[],[],[],[],[],[],[],[],[],[],[],[],[],[],[],[],[],[],[]],"campfire_choices":[{"data":"Streamline","floor":6.0,"key":"SMITH"},{"data":"Zap","floor":10.0,"key":"SMITH"},{"data":"Secret Technique","floor":12.0,"key":"SMITH"},{"data":"Coolheaded","floor":15.0,"key":"SMITH"},{"data":"Seek","floor":25,"key":"SMITH"}],"lesson_learned_per_floor":[[],[],[],[],[],[],[],[],[],[],[],[],[],[],[],[],[],[],[],[],[],[],[],[],[],[],[]],"neow_cost":"NO_GOLD","improvable_cards":{},"seed_source_timestamp":0,"shop_contents":[{"floor":4,"relics":["Peace Pipe","Shovel","Frozen Eye"],"cards":["FTL","Ball Lightning","Reinforced Body","Turbo","Heatsinks","PanicButton","Master of Strategy"],"potions":["GamblersBrew","SmokeBomb","BlessingOfTheForge"]},{"floor":21,"relics":["HornCleat","Toolbox"],"cards":["FTL","Beam Cell","Tempest","Storm","Blind","Chrysalis"],"potions":["FearPotion","Ancient Potion","LiquidBronze"]}],"circlet_count":0,"master_deck":["AscendersBane","Strike_B","Strike_B","Strike_B","Defend_B","Defend_B","Defend_B","Defend_B","Zap+1","Dualcast","Secret Technique+1","Sweeping Beam","Streamline+1","Scrape","Reinforced Body","Coolheaded+1","Echo Form","Darkness","Seek+1","Rip and Tear+1","Turbo","Seek","Force Field","Hello World","All For One"],"special_seed":0,"potion_use_per_floor":[[],[],[],[],[],[],["Strength Potion"],[],[],[],[],[],["Weak Potion"],[],[],[],[],[],[],[],[],[],["SkillPotion"],[],[],[],[]],"relics":["Cracked Core","Meat on the Bone","Bird Faced Urn","Pen Nib","Strawberry","SlaversCollar","DataDisk","Centennial Puzzle"],"potions_floor_usage":[23],"damage_taken":[{"damage":0.0,"enemies":"Small Slimes","floor":1.0,"turns":2.0},{"damage":2.0,"enemies":"2 Louse","floor":2.0,"turns":3.0},{"damage":0.0,"enemies":"Cultist","floor":3.0,"turns":3.0},{"damage":30.0,"enemies":"3 Sentries","floor":7.0,"turns":5.0},{"damage":0.0,"enemies":"Large Slime","floor":8.0,"turns":4.0},{"damage":8.0,"enemies":"3 Louse","floor":11.0,"turns":5.0},{"damage":9.0,"enemies":"Lagavulin","floor":13.0,"turns":5.0},{"damage":21.0,"enemies":"Exordium Thugs","floor":14.0,"turns":4.0},{"damage":18.0,"enemies":"The Guardian","floor":16.0,"turns":13.0},{"damage":45,"enemies":"Shell Parasite","floor":18,"turns":4},{"damage":0,"enemies":"Chosen","floor":22,"turns":5},{"damage":11,"enemies":"Gremlin Leader","floor":23,"turns":7},{"damage":27,"enemies":"Snecko","floor":24,"turns":5},{"damage":36,"enemies":"Cultist and Chosen","floor":27,"turns":5}],"seed_played":"-7955707979724772309","neow_bonus_log":{"cardsObtained":[],"cardsUpgraded":[],"cardsRemoved":[],"cardsTransformed":[],"relicsObtained":[],"maxHpGained":0,"goldGained":0,"damageTaken":0,"goldLost":99,"maxHpLost":0},"potions_obtained":[{"floor":3.0,"key":"Strength Potion"},{"floor":7.0,"key":"Weak Potion"},{"floor":14.0,"key":"PotionOfCapacity"},{"floor":18,"key":"SkillPotion"}],"is_trial":false,"path_per_floor":["M","M","M","$","T","R","E","M","T","R","M","R","E","M","R","B",null,"M","?","?","$","M","E","M","R","T","M"],"character_chosen":"DEFECT","basemod:card_modifiers":[null,null,null,null,null,null,null,null,null,null,null,null,null,null,null,null,null,null,null,null,null,null,null,null,null],"items_purchased":["DataDisk","Force Field"],"campfire_rested":0,"item_purchase_floors":[21,21],"current_hp_per_floor":[64,62,62,62,62,62,44,44,44,44,36,36,46,37,37,33,67,34,34,34,34,48,41,30,30,30,0],"gold":94,"neow_bonus":"RANDOM_COLORLESS_2","is_prod":false,"is_daily":false,"rewards_skipped":[],"chose_seed":false,"campfire_upgraded":5,"win_rate":0,"floor_exit_playtime":[203,289,345,366,369,377,493,549,554,562,660,685,761,837,847,1124,1244,1368,1393,1420,1456,1656,1855,2137,2156,2162],"timestamp":1717510895,"blue_key_relic_skipped_log":{"floor":26,"relicID":"StrikeDummy"},"path_taken":["M","M","M","$","?","R","E","M","T","R","M","R","E","M","R","BOSS","M","?","?","$","M","E","M","R","T","M"],"build_version":"2022-12-01","purchased_purges":1,"victory":false,"max_hp_per_floor":[71,71,71,71,71,71,71,71,71,71,71,71,78,78,78,78,78,78,78,78,78,78,78,78,78,78,78],"relic_stats":{"Centennial Puzzle":[6],"counters":[14,70],"Bird Faced Urn":[14],"Pen Nib":[7],"obtain_stats":[{"SlaversCollar":17,"DataDisk":21,"Centennial Puzzle":23,"Bird Faced Urn":7,"Strawberry":13,"Pen Nib":9,"Cracked Core":0,"Meat on the Bone":5},{"SlaversCollar":9,"DataDisk":10,"Centennial Puzzle":12,"Bird Faced Urn":4,"Strawberry":7,"Pen Nib":5,"Cracked Core":0,"Meat on the Bone":3},{"SlaversCollar":44,"DataDisk":48,"Centennial Puzzle":60,"Bird Faced Urn":13,"Strawberry":27,"Pen Nib":17,"Cracked Core":0,"Meat on the Bone":8}],"Meat on the Bone":84},"card_choices":[{"not_picked":["Mayhem","Master of Strategy"],"picked":"Secret Technique","floor":0.0},{"not_picked":["Heatsinks","Stack"],"picked":"Sweeping Beam","floor":1.0},{"not_picked":["Coolheaded","Reprogram"],"picked":"Streamline","floor":2.0},{"not_picked":["Heatsinks","Go for the Eyes"],"picked":"Scrape","floor":3.0},{"not_picked":["Static Discharge","BootSequence"],"picked":"Reinforced Body","floor":7.0},{"not_picked":["Lockon","Cold Snap","Gash"],"picked":"SKIP","floor":8.0},{"not_picked":["BootSequence","Chaos"],"picked":"Coolheaded","floor":11.0},{"not_picked":["Leap","Rip and Tear"],"picked":"Echo Form","floor":13.0},{"not_picked":["Sweeping Beam","Streamline"],"picked":"Darkness","floor":14.0},{"not_picked":["Meteor Strike","Machine Learning"],"picked":"Seek","floor":16.0},{"not_picked":["Rebound","Sweeping Beam"],"picked":"Rip and Tear+1","floor":18},{"not_picked":["Conserve Battery+1","Rip and Tear"],"picked":"Hello World","floor":22},{"not_picked":["Redo","Cold Snap"],"picked":"All For One","floor":23},{"not_picked":["Doom and Gloom+1","Static Discharge","Streamline"],"picked":"SKIP","floor":24}],"player_experience":212744,"relics_obtained":[{"floor":5.0,"key":"Meat on the Bone"},{"floor":7.0,"key":"Bird Faced Urn"},{"floor":9.0,"key":"Pen Nib"},{"floor":13.0,"key":"Strawberry"},{"floor":23,"key":"Centennial Puzzle"}],"event_choices":[{"damage_healed":0,"gold_gain":0,"player_choice":"1 cards matched","damage_taken":0,"max_hp_gain":0,"max_hp_loss":0,"event_name":"Match and Keep!","floor":19,"gold_loss":0,"cards_obtained":["Turbo"]},{"damage_healed":0,"gold_gain":0,"player_choice":"Copied","damage_taken":0,"max_hp_gain":0,"max_hp_loss":0,"event_name":"Duplicator","floor":20,"gold_loss":0,"cards_obtained":["Seek"]}],"is_beta":false,"boss_relics":[{"not_picked":["Ectoplasm","Tiny House"],"picked":"SlaversCollar"}],"items_purged_floors":[21],"is_endless":false,"potions_floor_spawned":[3,7,14,18],"killed_by":"Cultist and Chosen","ascension_level":20,"potion_discard_per_floor":[[],[],[],[],[],[],[],[],[],[],[],[],[],[],[],[],[],[],[],[],[],[],[],[],[],[],[]]}