{"neow_bonuses_skipped_log":["UPGRADE_CARD","TRANSFORM_TWO_CARDS","BOSS_RELIC"],"neow_costs_skipped_log":["NONE","PERCENT_DAMAGE","NONE"],"potions_obtained_entropic_brew":[[],[],[],[],[],[],[],[],[],[],[],[],[],[],[],[],[],[],[],[],[],[],[],[],[],[],[],[],[],[],[],[],[],[],[],[],[],[],[],[],[],[],[],[],[],[],[],[],[],[],[],[],[],[],[],[],[]],"gold_per_floor":[216,44,60,73,91,117,117,129,211,211,252,267,310,96,96,195,195,209,209,209,230,244,244,283,298,321,321,321,339,372,396,396,486,486,500,345,376,389,97,97,141,159,214,229,270,270,103,119,119,119,119,119,119,11,47,47],"floor_reached":57,"playtime":5348,"items_purged":["Defend_B","Strike_B","Strike_B"],"score":2723,"play_id":"8aebd57d-3584-4706-9412-5f9c843ca124","local_time":"20240601222137","score_breakdown":["Floors Climbed (57): 285","Enemies Slain (17): 34","Exordium Elites Killed (3): 30","City Elites Killed (2): 40","Beyond Elites Killed (2): 60","Bosses Slain (5): 750","Money Money (1056): 25","Champion (1): 25","Ascension (20): 1224","Heartbreaker: 250"],"is_ascension_mode":true,"potions_obtained_alchemize":[[],[],[],[],[],[],[],[],[],[],[],[],[],[],[],[],[],[],[],[],[],[],[],[],[],[],[],[],[],[],[],[],[],[],[],[],[],[],[],[],[],[],[],[],[],[],[],[],[],[],[],[],[],[],[],[],[]],"campfire_choices":[{"data":"Sunder","floor":7.0,"key":"SMITH"},{"data":"Consume","floor":15.0,"key":"SMITH"},{"data":"Buffer","floor":23.0,"key":"SMITH"},{"floor":27.0,"key":"REST"},{"data":"Barrage","floor":32.0,"key":"SMITH"},{"floor":40.0,"key":"RECALL"},{"data":"Rainbow","floor":49.0,"key":"SMITH"},{"data":"Capacitor","floor":53.0,"key":"SMITH"}],"lesson_learned_per_floor":[[],[],[],[],[],[],[],[],[],[],[],[],[],[],[],[],[],[],[],[],[],[],[],[],[],[],[],[],[],[],[],[],[],[],[],[],[],[],[],[],[],[],[],[],[],[],[],[],[],[],[],[],[],[],[],[],[]],"neow_cost":"NONE","improvable_cards":{},"seed_source_timestamp":0,"shop_contents":[{"floor":2,"relics":["White Beast Statue","CeramicFish"],"cards":["Scrape","Go for the Eyes","Coolheaded","Darkness","Echo Form","Good Instincts","Secret Technique"],"potions":["PotionOfCapacity","FairyPotion","SteroidPotion"]},{"floor":14,"relics":["Dream Catcher","Sundial","TheAbacus"],"cards":["Steam Power","Storm","Flash of Steel","Metamorphosis"],"potions":["SteroidPotion","AttackPotion","SpeedPotion"]},{"floor":36,"relics":["Ornamental Fan","Omamori","Toolbox"],"cards":["FTL","Go for the Eyes","Steam","Stack","Capacitor","Swift Strike","The Bomb"],"potions":["BlessingOfTheForge","Regen Potion"]},{"floor":39,"relics":["Emotion Chip","Frozen Egg 2"],"cards":["Cold Snap","Rebound","Reinforced Body","Stack","Capacitor","Dramatic Entrance","Thinking Ahead"],"potions":["Explosive Potion","SmokeBomb","ColorlessPotion"]},{"floor":47,"relics":["Symbiotic Virus","Letter Opener"],"cards":["Sunder","All For One","Conserve Battery","Coolheaded","Heatsinks","Purity","Thinking Ahead"],"potions":["Energy Potion","ColorlessPotion","Energy Potion"]},{"floor":54,"relics":["Whetstone","Gambling Chip","DollysMirror"],"cards":["Barrage","Lockon","Turbo","Reinforced Body","Static Discharge","Mayhem"],"potions":["SmokeBomb","Energy Potion","BlessingOfTheForge"]}],"circlet_count":0,"master_deck":["AscendersBane","Strike_B","Defend_B","Defend_B","Zap","Dualcast","Ball Lightning","Sweeping Beam","Sunder+1","Hologram","Recycle","Hologram+1","Buffer+1","Coolheaded","Consume+1","Barrage+1","Hologram","Compile Driver","Echo Form","Capacitor+1","Force Field+1","Reinforced Body+1","Electrodynamics","Skim+1","Core Surge","Go for the Eyes","Core Surge","Meteor Strike","Consume+1","Coolheaded","Rainbow+1","Consume","Dark Shackles","Compile Driver"],"special_seed":0,"potion_use_per_floor":[[],[],[],[],[],["Energy Potion"],[],["Block Potion"],[],[],[],[],["AttackPotion"],[],[],[],[],[],[],[],[],[],[],["SteroidPotion"],[],[],[],[],[],["GamblersBrew"],[],[],["Energy Potion","FairyPotion"],[],[],[],[],[],[],[],["SpeedPotion"],[],[],[],[],[],[],[],[],[],[],[],[],[],["SteroidPotion"],["FearPotion","GamblersBrew"],[]],"relics":["Cracked Core","Runic Capacitor","Art of War","Pantograph","Golden Idol","Orichalcum","Question Card","Snecko Eye","Enchiridion","Oddly Smooth Stone","Toy Ornithopter","Lantern","Busted Crown","Mango","OrangePellets","Boot","Mummified Hand","Orrery","Pocketwatch"],"potions_floor_usage":[55,56,56],"damage_taken":[{"damage":4.0,"enemies":"Jaw Worm","floor":1.0,"turns":4.0},{"damage":1.0,"enemies":"Cultist","floor":3.0,"turns":4.0},{"damage":0.0,"enemies":"2 Louse","floor":4.0,"turns":2.0},{"damage":1.0,"enemies":"2 Fungi Beasts","floor":5.0,"turns":3.0},{"damage":8.0,"enemies":"Gremlin Nob","floor":6.0,"turns":3.0},{"damage":0.0,"enemies":"3 Louse","floor":8.0,"turns":2.0},{"damage":17.0,"enemies":"3 Sentries","floor":11.0,"turns":7.0},{"damage":7.0,"enemies":"Blue Slaver","floor":12.0,"turns":4.0},{"damage":2.0,"enemies":"Gremlin Nob","floor":13.0,"turns":3.0},{"damage":9.0,"enemies":"Slime Boss","floor":16.0,"turns":9.0},{"damage":0.0,"enemies":"2 Thieves","floor":18.0,"turns":1.0},{"damage":0.0,"enemies":"Chosen","floor":21.0,"turns":3.0},{"damage":2.0,"enemies":"Centurion and Healer","floor":22.0,"turns":3.0},{"damage":18.0,"enemies":"Book of Stabbing","floor":24.0,"turns":5.0},{"damage":7.0,"enemies":"Cultist and Chosen","floor":25.0,"turns":4.0},{"damage":0.0,"enemies":"Snecko","floor":29.0,"turns":4.0},{"damage":14.0,"enemies":"Gremlin Leader","floor":30.0,"turns":5.0},{"damage":0.0,"enemies":"Centurion and Healer","floor":31.0,"turns":4.0},{"damage":58.0,"enemies":"Collector","floor":33.0,"turns":7.0},{"damage":0.0,"enemies":"3 Shapes","floor":35.0,"turns":4.0},{"damage":0.0,"enemies":"Mind Bloom Boss Battle","floor":37.0,"turns":3.0},{"damage":0.0,"enemies":"3 Darklings","floor":38.0,"turns":3.0},{"damage":0.0,"enemies":"Nemesis","floor":41.0,"turns":4.0},{"damage":3.0,"enemies":"Writhing Mass","floor":42.0,"turns":5.0},{"damage":0.0,"enemies":"Jaw Worm Horde","floor":44.0,"turns":4.0},{"damage":2.0,"enemies":"Reptomancer","floor":45.0,"turns":5.0},{"damage":10.0,"enemies":"3 Darklings","floor":48.0,"turns":3.0},{"damage":26.0,"enemies":"Donu and Deca","floor":50.0,"turns":8.0},{"damage":10.0,"enemies":"Awakened One","floor":51.0,"turns":13.0},{"damage":16,"enemies":"Shield and Spear","floor":55,"turns":5},{"damage":87,"enemies":"The Heart","floor":56,"turns":9}],"green_key_taken_log":30,"seed_played":"8957798315672638629","neow_bonus_log":{"cardsObtained":[],"cardsUpgraded":[],"cardsRemoved":[],"cardsTransformed":[],"relicsObtained":[],"maxHpGained":0,"goldGained":100,"damageTaken":0,"goldLost":0,"maxHpLost":0},"potions_obtained":[{"floor":3.0,"key":"SteroidPotion"},{"floor":4.0,"key":"Energy Potion"},{"floor":6.0,"key":"Block Potion"},{"floor":11.0,"key":"AttackPotion"},{"floor":13.0,"key":"SmokeBomb"},{"floor":22.0,"key":"FairyPotion"},{"floor":24.0,"key":"GamblersBrew"},{"floor":30.0,"key":"Block Potion"},{"floor":31.0,"key":"Energy Potion"},{"floor":35.0,"key":"SpeedPotion"},{"floor":44.0,"key":"BlessingOfTheForge"},{"floor":48.0,"key":"GamblersBrew"},{"floor":55,"key":"FearPotion"}],"is_trial":false,"path_per_floor":["M","$","M","M","M","E","R","M","T","?","E","M","E","$","R","B",null,"M","?","?","M","M","R","E","M","T","R","?","M","E","M","R","B",null,"M","$","?","M","$","R","E","M","T","M","E","?","$","M","R","B","B",null,"R","$","E","B",null],"character_chosen":"DEFECT","basemod:card_modifiers":[null,null,null,null,null,null,null,null,null,null,null,null,null,null,null,null,null,null,null,null,null,null,null,null,null,null,null,null,null,null,null,null,null,null],"items_purchased":["Runic Capacitor","Barrage","Hologram","Compile Driver","SteroidPotion","OrangePellets","Orrery","Dark Shackles"],"campfire_rested":1,"item_purchase_floors":[2,14,14,14,36,39,47,54],"current_hp_per_floor":[60,60,59,59,58,50,50,50,50,50,33,26,24,24,24,40,58,58,58,37,37,35,35,17,10,10,29,29,29,20,20,20,19,53,53,53,78,78,78,78,78,75,75,75,73,73,73,63,63,52,67,75,75,75,64,1],"gold":47,"neow_bonus":"HUNDRED_GOLD","is_prod":false,"is_daily":false,"rewards_skipped":[{"floor":29,"relics":[],"potions":["Weak Potion"]},{"floor":45,"relics":[],"potions":["EssenceOfSteel"]}],"chose_seed":false,"campfire_upgraded":6,"win_rate":0,"floor_exit_playtime":[167,223,255,284,317,557,564,605,610,615,738,781,853,933,943,1099,1133,1179,1183,1194,1254,1330,1353,1565,1683,1686,1713,1737,1834,2045,2129,2153,2381,2500,2617,2690,2798,2983,3015,3034,3196,3346,3351,3494,3743,3760,3842,3954,3970,4178,4597,4609,4623,4635,4899,5348],"timestamp":1717294897,"blue_key_relic_skipped_log":{"floor":43,"relicID":"Smiling Mask"},"path_taken":["M","?","M","M","?","E","R","M","T","?","E","M","E","?","R","BOSS","M","?","?","M","?","R","E","M","T","R","?","?","E","M","R","BOSS","M","$","?","M","$","R","E","M","T","?","E","?","?","M","R","BOSS","BOSS","R","$","E","BOSS"],"build_version":"2022-12-01","purchased_purges":3,"victory":true,"max_hp_per_floor":[71,71,71,71,71,71,71,71,71,64,64,64,64,64,64,64,64,64,64,64,64,64,64,64,64,64,64,64,64,64,64,64,64,64,64,64,78,78,78,78,78,78,78,78,78,78,78,78,78,78,78,78,78,78,78,78],"relic_stats":{"counters":[31,143],"Golden Idol":200,"Orichalcum":[216],"Question Card":24,"Boot":[26],"OrangePellets":[16],"Busted Crown":28,"Mummified Hand":[48],"Pantograph":115,"Snecko Eye":[121,121,115,121,-58],"Art of War":[14],"obtain_stats":[{"Lantern":30,"Golden Idol":10,"Enchiridion":20,"Oddly Smooth Stone":24,"Mango":37,"Runic Capacitor":2,"Orichalcum":11,"Question Card":13,"Boot":41,"OrangePellets":39,"Busted Crown":34,"Mummified Hand":45,"Pantograph":9,"Snecko Eye":17,"Orrery":47,"Art of War":6,"Cracked Core":0,"Toy Ornithopter":26,"Pocketwatch":55},{"Lantern":17,"Golden Idol":6,"Enchiridion":11,"Oddly Smooth Stone":14,"Mango":21,"Runic Capacitor":1,"Orichalcum":7,"Question Card":9,"Boot":23,"OrangePellets":22,"Busted Crown":19,"Mummified Hand":26,"Pantograph":6,"Snecko Eye":10,"Orrery":26,"Art of War":5,"Cracked Core":0,"Toy Ornithopter":15,"Pocketwatch":30},{"Lantern":66,"Golden Idol":18,"Enchiridion":42,"Oddly Smooth Stone":53,"Mango":84,"Runic Capacitor":4,"Orichalcum":25,"Question Card":32,"Boot":91,"OrangePellets":87,"Busted Crown":77,"Mummified Hand":105,"Pantograph":18,"Snecko Eye":41,"Orrery":105,"Art of War":16,"Cracked Core":0,"Toy Ornithopter":57,"Pocketwatch":134}],"Toy Ornithopter":25,"Pocketwatch":[0]},"card_choices":[{"not_picked":["Compile Driver","Stack"],"picked":"Ball Lightning","floor":1.0},{"not_picked":["Stack","Go for the Eyes"],"picked":"Sweeping Beam","floor":3.0},{"not_picked":["White Noise","Leap"],"picked":"Sunder","floor":4.0},{"not_picked":["Loop","Ball Lightning"],"picked":"Hologram","floor":5.0},{"not_picked":["Scrape","Turbo"],"picked":"Recycle","floor":6.0},{"not_picked":["Chaos","Go for the Eyes"],"picked":"Hologram","floor":8.0},{"not_picked":["Fusion","Storm"],"picked":"Buffer","floor":11.0},{"not_picked":["Streamline","Melter"],"picked":"Coolheaded","floor":12.0},{"not_picked":["Loop","Compile Driver"],"picked":"Consume","floor":13.0},{"not_picked":["Amplify","Rainbow","Thunder Strike"],"picked":"Echo Form","floor":16.0},{"not_picked":["Streamline","Chaos","Conserve Battery"],"picked":"Capacitor","floor":18.0},{"not_picked":["Leap","Turbo","Reinforced Body"],"picked":"Force Field+1","floor":21.0},{"not_picked":["Hologram","Go for the Eyes","Streamline+1"],"picked":"Reinforced Body+1","floor":22.0},{"not_picked":["Self Repair","Skim","Aggregate"],"picked":"Electrodynamics","floor":24.0},{"not_picked":["Leap","Recycle+1","Hologram"],"picked":"Skim+1","floor":25.0},{"not_picked":["Turbo","Gash","Go for the Eyes","Streamline"],"picked":"SKIP","floor":29.0},{"not_picked":["Recycle","Capacitor","Streamline"],"picked":"Core Surge","floor":30.0},{"not_picked":["Darkness","Beam Cell","Storm","Gash"],"picked":"SKIP","floor":31.0},{"not_picked":["Buffer","Rainbow","Core Surge"],"picked":"Meteor Strike","floor":33.0},{"not_picked":["Leap"],"picked":"Consume+1","floor":35.0},{"not_picked":["Sweeping Beam","Stack"],"picked":"SKIP","floor":37.0},{"not_picked":["Sweeping Beam+1","Hologram"],"picked":"SKIP","floor":38.0},{"not_picked":["Sweeping Beam+1","Hologram"],"picked":"SKIP","floor":38.0},{"not_picked":["Streamline","Fusion"],"picked":"SKIP","floor":41.0},{"not_picked":["Defragment"],"picked":"Coolheaded","floor":42.0},{"not_picked":["Reinforced Body+1","Double Energy+1"],"picked":"SKIP","floor":44.0},{"not_picked":["Streamline+1","Stack"],"picked":"SKIP","floor":45.0},{"not_picked":["Streamline+1","Stack"],"picked":"SKIP","floor":45.0},{"not_picked":["Streamline+1","Stack"],"picked":"SKIP","floor":45.0},{"not_picked":["Scrape+1"],"picked":"Rainbow","floor":47.0},{"not_picked":["Stack"],"picked":"Consume","floor":47.0},{"not_picked":["Rainbow","Streamline"],"picked":"SKIP","floor":47.0},{"not_picked":["Stack","Darkness+1"],"picked":"SKIP","floor":47.0},{"not_picked":["Coolheaded","Melter"],"picked":"SKIP","floor":47.0},{"not_picked":["Stack","Steam"],"picked":"SKIP","floor":48.0},{"not_picked":["Beam Cell"],"picked":"Compile Driver","floor":55}],"player_experience":207067,"relics_obtained":[{"floor":6.0,"key":"Art of War"},{"floor":9.0,"key":"Pantograph"},{"floor":11.0,"key":"Orichalcum"},{"floor":13.0,"key":"Question Card"},{"floor":20.0,"key":"Enchiridion"},{"floor":24.0,"key":"Oddly Smooth Stone"},{"floor":26.0,"key":"Toy Ornithopter"},{"floor":30.0,"key":"Lantern"},{"floor":37.0,"key":"Mango"},{"floor":41.0,"key":"Boot"},{"floor":45.0,"key":"Mummified Hand"},{"floor":55,"key":"Pocketwatch"}],"event_choices":[{"damage_healed":0.0,"max_hp_gain":0.0,"max_hp_loss":7.0,"gold_gain":0.0,"event_name":"Golden Idol","player_choice":"Lose Max HP","floor":10.0,"gold_loss":0.0,"damage_taken":0.0,"relics_obtained":["Golden Idol"]},{"damage_healed":0.0,"max_hp_gain":0.0,"max_hp_loss":0.0,"gold_gain":0.0,"event_name":"The Mausoleum","player_choice":"Ignored","floor":19.0,"gold_loss":0.0,"damage_taken":0.0},{"damage_healed":0.0,"max_hp_gain":0.0,"max_hp_loss":0.0,"gold_gain":0.0,"event_name":"Cursed Tome","player_choice":"Obtained Book","floor":20.0,"gold_loss":0.0,"damage_taken":21.0},{"damage_healed":0.0,"max_hp_gain":0.0,"max_hp_loss":0.0,"gold_gain":0.0,"cards_transformed":["Defend_B","Strike_B"],"event_name":"Drug Dealer","player_choice":"Became Test Subject","floor":28.0,"gold_loss":0.0,"damage_taken":0.0,"cards_obtained":["Core Surge","Go for the Eyes"]},{"damage_healed":0.0,"max_hp_gain":0.0,"max_hp_loss":0.0,"gold_gain":0.0,"event_name":"MindBloom","player_choice":"Fight","floor":37.0,"gold_loss":0.0,"damage_taken":0.0},{"damage_healed":0.0,"max_hp_gain":0.0,"max_hp_loss":0.0,"gold_gain":0.0,"event_name":"Accursed Blacksmith","player_choice":"Forge","floor":46.0,"gold_loss":0.0,"damage_taken":0.0,"cards_upgraded":["Hologram"]}],"is_beta":false,"boss_relics":[{"not_picked":["Runic Dome","Philosopher\u0027s Stone"],"picked":"Snecko Eye"},{"not_picked":["Velvet Choker","Astrolabe"],"picked":"Busted Crown"}],"items_purged_floors":[14,36,39],"is_endless":false,"potions_floor_spawned":[3,4,6,11,13,22,24,29,30,31,35,44,45,48,55],"ascension_level":20,"potion_discard_per_floor":[[],[],[],[],[],[],[],[],[],[],[],[],[],[],[],[],[],[],[],[],[],["SmokeBomb"],[],[],[],[],[],[],[],[],["Block Potion"],[],[],[],[],[],[],[],[],[],[],[],[],[],[],[],[],["BlessingOfTheForge"],[],[],[],[],[],[],[],[],[]]}