{"neow_bonuses_skipped_log":["THREE_CARDS","ONE_RARE_RELIC","BOSS_RELIC"],"potions_obtained_entropic_brew":[[],[],[],[],[],[],[],[],[],[],[],[],[]],"neow_costs_skipped_log":["NONE","CURSE","NONE"],"gold_per_floor":[109,123,137,137,155,155,189,266,266,266,49,49,49],"floor_reached":13,"playtime":727,"items_purged":[],"score":166,"play_id":"75989a75-faf2-4eca-b676-501f7f8979e7","local_time":"20240603101958","score_breakdown":["Floors Climbed (13): 65","Enemies Slain (4): 8","Exordium Elites Killed (1): 10","Bosses Slain (0): 0","Ascension (20): 83"],"is_ascension_mode":true,"potions_obtained_alchemize":[[],[],[],[],[],[],[],[],[],[],[],[],[]],"campfire_choices":[{"data":"Streamline","floor":6,"key":"SMITH"},{"data":"Rip and Tear","floor":10,"key":"SMITH"},{"data":"Zap","floor":12,"key":"SMITH"}],"lesson_learned_per_floor":[[],[],[],[],[],[],[],[],[],[],[],[],[]],"neow_cost":"NONE","improvable_cards":{},"seed_source_timestamp":12243581408375,"shop_contents":[{"floor":11,"relics":["Unceasing Top","Bottled Tornado"],"cards":["Beam Cell","Go for the Eyes","Coolheaded","Chaos","Heatsinks","Flash of Steel","Chrysalis"],"potions":["SpeedPotion","EssenceOfSteel"]}],"circlet_count":0,"master_deck":["AscendersBane","Strike_B","Strike_B","Strike_B","Strike_B","Defend_B","Defend_B","Defend_B","Defend_B","Zap+1","Dualcast","Capacitor","Streamline+1","Cold Snap","Rip and Tear+1","Steam"],"potion_use_per_floor":[[],[],[],[],[],[],["SteroidPotion","SpeedPotion"],[],[],[],[],[],["Swift Potion"]],"relics":["Cracked Core","Akabeko","Bag of Marbles","Pantograph","Runic Capacitor"],"potions_floor_usage":[7,7,13],"damage_taken":[{"damage":0,"enemies":"Cultist","floor":1,"turns":4},{"damage":0,"enemies":"2 Louse","floor":2,"turns":2},{"damage":2,"enemies":"Jaw Worm","floor":3,"turns":2},{"damage":20,"enemies":"Exordium Wildlife","floor":5,"turns":4},{"damage":16,"enemies":"Lagavulin","floor":7,"turns":6},{"damage":34,"enemies":"3 Sentries","floor":13,"turns":7}],"seed_played":"4175540108882118477","neow_bonus_log":{"cardsObtained":[],"cardsUpgraded":[],"cardsRemoved":[],"cardsTransformed":[],"relicsObtained":["Akabeko"],"maxHpGained":0,"goldGained":0,"damageTaken":0,"goldLost":0,"maxHpLost":0},"potions_obtained":[{"floor":2,"key":"SpeedPotion"},{"floor":5,"key":"SteroidPotion"}],"is_trial":false,"path_per_floor":["M","M","M","?","M","R","E","?","T","R","$","R","E"],"character_chosen":"DEFECT","basemod:card_modifiers":[null,null,null,null,null,null,null,null,null,null,null,null,null,null,null,null],"items_purchased":["Runic Capacitor","Swift Potion"],"campfire_rested":0,"item_purchase_floors":[11,11],"current_hp_per_floor":[64,64,62,67,47,47,31,31,31,31,31,31,0],"gold":49,"neow_bonus":"RANDOM_COMMON_RELIC","is_prod":false,"is_daily":false,"rewards_skipped":[],"chose_seed":false,"campfire_upgraded":3,"win_rate":0,"floor_exit_playtime":[294,320,359,362,461,478,547,556,560,579,609,622],"timestamp":1717424398,"path_taken":["M","M","M","?","M","R","E","?","T","R","$","R","E"],"build_version":"2022-12-01","purchased_purges":0,"victory":false,"max_hp_per_floor":[71,71,71,76,76,76,76,76,76,76,76,76,76],"relic_stats":{"counters":[6,25],"Pantograph":0,"obtain_stats":[{"Pantograph":9,"Bag of Marbles":7,"Runic Capacitor":11,"Cracked Core":0,"Akabeko":0},{"Pantograph":5,"Bag of Marbles":5,"Runic Capacitor":5,"Cracked Core":0,"Akabeko":0},{"Pantograph":18,"Bag of Marbles":18,"Runic Capacitor":18,"Cracked Core":0,"Akabeko":0}]},"card_choices":[{"not_picked":["Chill","Tempest"],"picked":"Capacitor","floor":1},{"not_picked":["Coolheaded","Stack"],"picked":"Streamline","floor":2},{"not_picked":["Genetic Algorithm","Conserve Battery"],"picked":"Cold Snap","floor":3},{"not_picked":["Capacitor","Machine Learning"],"picked":"Rip and Tear","floor":5},{"not_picked":["Streamline","Redo"],"picked":"Steam","floor":7}],"player_experience":210560,"relics_obtained":[{"floor":7,"key":"Bag of Marbles"},{"floor":9,"key":"Pantograph"}],"event_choices":[{"damage_healed":0,"gold_gain":0,"player_choice":"Donut","damage_taken":0,"max_hp_gain":5,"max_hp_loss":0,"event_name":"Big Fish","floor":4,"gold_loss":0},{"damage_healed":0,"gold_gain":77,"player_choice":"Gained Gold","damage_taken":0,"max_hp_gain":0,"max_hp_loss":0,"event_name":"Golden Wing","floor":8,"gold_loss":0}],"is_beta":false,"boss_relics":[],"items_purged_floors":[],"is_endless":false,"potions_floor_spawned":[2,5],"killed_by":"3 Sentries","ascension_level":20,"potion_discard_per_floor":[[],[],[],[],[],[],[],[],[],[],[],[],[]]}