{"neow_bonuses_skipped_log":["THREE_CARDS","TRANSFORM_TWO_CARDS","BOSS_RELIC"],"potions_obtained_entropic_brew":[[],[],[],[],[],[],[],[],[],[],[],[],[],[],[],[],[],[],[],[],[],[],[],[]],"neow_costs_skipped_log":["NONE","PERCENT_DAMAGE","NONE"],"gold_per_floor":[112,130,150,161,30,30,62,81,81,112,112,37,68,83,83,159,159,172,172,125,140,140,140,140],"floor_reached":24,"playtime":1457,"items_purged":[],"score":536,"play_id":"28f6254c-d9f3-4794-b573-f81957ac57d3","local_time":"20240603104428","score_breakdown":["Floors Climbed (24): 120","Enemies Slain (9): 18","Exordium Elites Killed (3): 30","City Elites Killed (0): 0","Bosses Slain (1): 50","Perfect (1): 50","Ascension (20): 268"],"is_ascension_mode":true,"potions_obtained_alchemize":[[],[],[],[],[],[],[],[],[],[],[],[],[],[],[],[],[],[],[],[],[],[],[],[]],"campfire_choices":[{"data":"Defragment","floor":6,"key":"SMITH"},{"data":"Defragment","floor":15,"key":"SMITH"},{"floor":23,"key":"REST"}],"lesson_learned_per_floor":[[],[],[],[],[],[],[],[],[],[],[],[],[],[],[],[],[],[],[],[],[],[],[],[]],"neow_cost":"NONE","improvable_cards":{},"seed_source_timestamp":12984405350542,"shop_contents":[{"floor":5,"relics":["PreservedInsect","Anchor","Medical Kit"],"cards":["Beam Cell","Go for the Eyes","Fission","Reboot","Discovery","The Bomb"],"potions":["Dexterity Potion","Regen Potion"]}],"circlet_count":0,"master_deck":["AscendersBane","Strike_B","Strike_B","Strike_B","Defend_B","Defend_B","Defend_B","Defend_B","Zap","Dualcast","Cold Snap","Rip and Tear","Melter","Darkness","Defragment+1","Coolheaded","Auto Shields","Glacier","Defragment+1","Fission","Coolheaded+1","Sweeping Beam","Gash"],"potion_use_per_floor":[[],[],[],[],[],[],["Strength Potion"],[],[],[],[],[],["Block Potion"],[],[],["Fire Potion"],[],["LiquidBronze"],[],[],["Weak Potion"],[],[],["PowerPotion"]],"relics":["Cracked Core","Potion Belt","HornCleat","Shuriken","The Courier","Matryoshka","Runic Pyramid","SsserpentHead"],"potions_floor_usage":[7,13,16,18,21,24],"damage_taken":[{"damage":6,"enemies":"Cultist","floor":1,"turns":4},{"damage":0,"enemies":"2 Louse","floor":2,"turns":2},{"damage":2,"enemies":"Jaw Worm","floor":3,"turns":3},{"damage":4,"enemies":"Exordium Thugs","floor":4,"turns":4},{"damage":14,"enemies":"Gremlin Nob","floor":7,"turns":3},{"damage":3,"enemies":"Gremlin Gang","floor":8,"turns":4},{"damage":8,"enemies":"3 Sentries","floor":10,"turns":9},{"damage":5,"enemies":"Lagavulin","floor":13,"turns":5},{"damage":0,"enemies":"2 Fungi Beasts","floor":14,"turns":4},{"damage":0,"enemies":"The Guardian","floor":16,"turns":12},{"damage":11,"enemies":"3 Byrds","floor":18,"turns":4},{"damage":12,"enemies":"2 Thieves","floor":20,"turns":5},{"damage":7,"enemies":"Cultist and Chosen","floor":21,"turns":11},{"damage":59,"enemies":"Slavers","floor":24,"turns":3}],"green_key_taken_log":13,"seed_played":"7535918599939436998","neow_bonus_log":{"cardsObtained":[],"cardsUpgraded":[],"cardsRemoved":[],"cardsTransformed":[],"relicsObtained":["Potion Belt"],"maxHpGained":0,"goldGained":0,"damageTaken":0,"goldLost":0,"maxHpLost":0},"potions_obtained":[{"floor":4,"key":"Fire Potion"},{"floor":7,"key":"LiquidBronze"},{"floor":10,"key":"Block Potion"},{"floor":16,"key":"Weak Potion"},{"floor":21,"key":"PowerPotion"}],"is_trial":false,"path_per_floor":["M","M","M","M","$","R","E","M","T","E","?","?","E","M","R","B",null,"M","?","M","M","?","R","E"],"character_chosen":"DEFECT","basemod:card_modifiers":[null,null,null,null,null,null,null,null,null,null,null,null,null,null,null,null,null,null,null,null,null,null,null],"items_purchased":["Defragment","Strength Potion"],"campfire_rested":1,"item_purchase_floors":[5,5],"current_hp_per_floor":[58,58,56,52,52,52,38,35,35,27,27,27,22,22,22,22,59,48,48,36,29,29,50,0],"gold":140,"neow_bonus":"RANDOM_COMMON_RELIC","is_prod":false,"is_daily":false,"rewards_skipped":[],"chose_seed":false,"campfire_upgraded":2,"win_rate":0,"floor_exit_playtime":[72,90,122,173,183,192,225,290,293,456,471,482,553,601,613,968,1012,1099,1103,1194,1354,1361,1369],"timestamp":1717425868,"path_taken":["M","M","M","M","$","R","E","M","T","E","?","?","E","?","R","BOSS","M","?","?","?","?","R","E"],"build_version":"2022-12-01","purchased_purges":0,"victory":false,"max_hp_per_floor":[71,71,71,71,71,71,71,71,71,71,71,71,71,71,71,71,71,71,71,71,71,71,71,71],"relic_stats":{"SsserpentHead":0,"Matryoshka":0,"counters":[14,73],"Shuriken":[8],"The Courier":0,"obtain_stats":[{"Potion Belt":0,"SsserpentHead":22,"HornCleat":7,"Matryoshka":13,"Shuriken":9,"The Courier":10,"Cracked Core":0,"Runic Pyramid":17},{"Potion Belt":0,"SsserpentHead":13,"HornCleat":5,"Matryoshka":8,"Shuriken":6,"The Courier":7,"Cracked Core":0,"Runic Pyramid":10},{"Potion Belt":0,"SsserpentHead":70,"HornCleat":16,"Matryoshka":34,"Shuriken":20,"The Courier":29,"Cracked Core":0,"Runic Pyramid":50}]},"card_choices":[{"not_picked":["Turbo","Leap"],"picked":"Cold Snap","floor":1},{"not_picked":["Gash","Recycle"],"picked":"Rip and Tear","floor":2},{"not_picked":["Barrage","Rebound"],"picked":"Melter","floor":3},{"not_picked":["Lockon","BootSequence"],"picked":"Darkness","floor":4},{"not_picked":["Turbo","Go for the Eyes"],"picked":"Coolheaded","floor":7},{"not_picked":["Turbo","Coolheaded"],"picked":"Auto Shields","floor":8},{"not_picked":["Barrage","Rip and Tear"],"picked":"Glacier","floor":10},{"not_picked":["Reprogram","Rip and Tear","Leap"],"picked":"SKIP","floor":13},{"not_picked":["Coolheaded","Turbo"],"picked":"Defragment","floor":14},{"not_picked":["Meteor Strike","Amplify"],"picked":"Fission","floor":16},{"not_picked":["Beam Cell","Cold Snap"],"picked":"Coolheaded+1","floor":18},{"not_picked":["Barrage+1","Chill"],"picked":"Sweeping Beam","floor":20},{"not_picked":["Hello World+1","Fusion"],"picked":"Gash","floor":21}],"player_experience":211287,"relics_obtained":[{"floor":7,"key":"HornCleat"},{"floor":9,"key":"Shuriken"},{"floor":10,"key":"The Courier"},{"floor":13,"key":"Matryoshka"}],"event_choices":[{"damage_healed":0,"gold_gain":0,"player_choice":"Ignored","damage_taken":0,"max_hp_gain":0,"max_hp_loss":0,"event_name":"Shining Light","floor":11,"gold_loss":0},{"cards_removed":["Strike_B"],"damage_healed":0,"gold_gain":0,"player_choice":"Card Removal","damage_taken":0,"max_hp_gain":0,"max_hp_loss":0,"event_name":"The Cleric","floor":12,"gold_loss":75},{"damage_healed":0,"gold_gain":0,"player_choice":"Ignored","damage_taken":0,"max_hp_gain":0,"max_hp_loss":0,"event_name":"The Mausoleum","floor":19,"gold_loss":0},{"damage_healed":0,"gold_gain":0,"player_choice":"Trade","damage_taken":0,"relics_obtained":["SsserpentHead"],"max_hp_gain":0,"max_hp_loss":0,"event_name":"FaceTrader","floor":22,"gold_loss":0}],"is_beta":false,"boss_relics":[{"not_picked":["Inserter","SacredBark"],"picked":"Runic Pyramid"}],"items_purged_floors":[],"is_endless":false,"potions_floor_spawned":[4,7,10,16,21],"killed_by":"Slavers","ascension_level":20,"potion_discard_per_floor":[[],[],[],[],[],[],[],[],[],[],[],[],[],[],[],[],[],[],[],[],[],[],[],[]]}