{"neow_bonuses_skipped_log":["TRANSFORM_CARD","TEN_PERCENT_HP_BONUS","TWENTY_PERCENT_HP_BONUS"],"potions_obtained_entropic_brew":[[],[],[],[],[],[],[],[],[],[],[],[],[],[],[],[],[],[],[],[],[],[],[],[],[],[],[],[],[],[],[],[],[],[],[],[],[],[],[],[],[],[],[],[],[],[],[],[],[],[],[]],"neow_costs_skipped_log":["NONE","NONE","PERCENT_DAMAGE"],"gold_per_floor":[110,122,122,132,143,168,185,214,237,237,263,24,24,58,58,155,155,172,172,271,289,300,329,339,339,392,423,456,476,507,520,520,618,618,632,287,307,138,156,156,181,205,205,205,240,257,257,299,299,299],"floor_reached":51,"playtime":3684,"items_purged":["Sweeping Beam","Leap"],"score":1027,"play_id":"e0249cbe-092d-46df-a056-0634b9abcebc","local_time":"20240711113745","score_breakdown":["Floors Climbed (51): 255","Enemies Slain (16): 32","Exordium Elites Killed (4): 40","City Elites Killed (3): 60","Beyond Elites Killed (3): 90","Bosses Slain (3): 300","Collector (1): 25","Stuffed: 50","Champion (2): 50","Perfect (2): 100","C-c-c-combo: 25"],"is_ascension_mode":false,"potions_obtained_alchemize":[[],[],[],[],[],[],[],[],[],[],[],[],[],[],[],[],[],[],[],[],[],[],[],[],[],[],[],[],[],[],[],[],[],[],[],[],[],[],[],[],[],[],[],[],[],[],[],[],[],[],[]],"campfire_choices":[{"data":"Streamline","floor":10,"key":"SMITH"},{"data":"Defragment","floor":13,"key":"SMITH"},{"data":"Doom and Gloom","floor":15,"key":"SMITH"},{"data":"Biased Cognition","floor":32,"key":"SMITH"},{"data":"Heatsinks","floor":40,"key":"SMITH"},{"data":"Coolheaded","floor":44,"key":"SMITH"},{"data":"Double Energy","floor":47,"key":"SMITH"},{"data":"Rainbow","floor":49,"key":"SMITH"}],"lesson_learned_per_floor":[[],[],[],[],[],[],[],[],[],[],[],[],[],[],[],[],[],[],[],[],[],[],[],[],[],[],[],[],[],[],[],[],[],[],[],[],[],[],[],[],[],[],[],[],[],[],[],[],[],[],[]],"neow_cost":"NONE","improvable_cards":{"Genetic Algorithm":[53]},"seed_source_timestamp":0,"shop_contents":[{"floor":12,"relics":["Lizard Tail","Frozen Eye"],"cards":["Blizzard","Sunder","Consume","Leap","Flash of Steel","Mayhem"],"potions":["Swift Potion","Weak Potion"]},{"floor":36,"relics":["Nunchaku","Du-Vu Doll"],"cards":["Blizzard","Rebound","Chill","BootSequence","Secret Technique"],"potions":["Regen Potion","SpeedPotion","Ancient Potion"]},{"floor":38,"relics":["Symbiotic Virus","Matryoshka","Medical Kit"],"cards":["Go for the Eyes","Rip and Tear","Stack","Tempest","Blind","Magnetism"],"potions":["SteroidPotion","Energy Potion","SteroidPotion"]}],"circlet_count":0,"master_deck":["Zap","Dualcast","Hello World","Genetic Algorithm","Streamline+1","Fission","Coolheaded+1","Chaos","Defragment+1","Doom and Gloom+1","Biased Cognition+1","Turbo","Gash","Chaos","Barrage","All For One","FTL","Conserve Battery+1","Double Energy+1","Recycle+1","Coolheaded","Hyperbeam","Coolheaded+1","Hologram+1","Hologram+1","Electrodynamics","Machine Learning","Heatsinks+1","Finesse","Capacitor","Coolheaded+1","Capacitor+1","Bandage Up+1","Rainbow+1"],"special_seed":0,"potion_use_per_floor":[[],[],[],[],[],[],[],["Fire Potion"],[],[],["Weak Potion"],[],[],["PowerPotion"],[],[],[],["Energy Potion"],[],[],[],[],["FocusPotion"],["Regen Potion"],[],[],[],[],[],[],["Fruit Juice"],[],[],[],[],[],[],[],[],[],[],["Ancient Potion"],[],[],["PowerPotion"],[],[],["ColorlessPotion"],[],["FocusPotion","Strength Potion"],[]],"relics":["Runic Dome","InkBottle","Toy Ornithopter","Strawberry","Boot","Bag of Preparation","Mango","Pandora\u0027s Box","PreservedInsect","Anchor","Red Mask","Bottled Lightning","Orichalcum","Cursed Key","PrismaticShard","CeramicFish","Omamori","Frozen Egg 2"],"potions_floor_usage":[8,11,14,18,23,24,31,42,45,48,50,50],"damage_taken":[{"damage":1,"enemies":"Jaw Worm","floor":1,"turns":4},{"damage":2,"enemies":"2 Louse","floor":2,"turns":2},{"damage":0,"enemies":"Cultist","floor":4,"turns":3},{"damage":3,"enemies":"2 Fungi Beasts","floor":5,"turns":4},{"damage":13,"enemies":"3 Sentries","floor":6,"turns":6},{"damage":3,"enemies":"Red Slaver","floor":7,"turns":4},{"damage":18,"enemies":"Gremlin Nob","floor":8,"turns":3},{"damage":6,"enemies":"Lagavulin","floor":11,"turns":8},{"damage":2,"enemies":"3 Sentries","floor":14,"turns":3},{"damage":21,"enemies":"Slime Boss","floor":16,"turns":7},{"damage":3,"enemies":"Spheric Guardian","floor":18,"turns":3},{"damage":0,"enemies":"2 Thieves","floor":21,"turns":3},{"damage":0,"enemies":"Snake Plant","floor":22,"turns":3},{"damage":29,"enemies":"Slavers","floor":23,"turns":5},{"damage":11,"enemies":"Shelled Parasite and Fungi","floor":24,"turns":5},{"damage":0,"enemies":"Masked Bandits","floor":27,"turns":2},{"damage":21,"enemies":"Gremlin Leader","floor":28,"turns":3},{"damage":0,"enemies":"Snecko","floor":29,"turns":2},{"damage":11,"enemies":"Book of Stabbing","floor":30,"turns":4},{"damage":0,"enemies":"Centurion and Healer","floor":31,"turns":3},{"damage":0,"enemies":"Automaton","floor":33,"turns":10},{"damage":0,"enemies":"3 Darklings","floor":35,"turns":3},{"damage":0,"enemies":"Orb Walker","floor":37,"turns":3},{"damage":0,"enemies":"Maw","floor":39,"turns":7},{"damage":0,"enemies":"Giant Head","floor":41,"turns":5},{"damage":0,"enemies":"Spire Growth","floor":42,"turns":3},{"damage":19,"enemies":"Reptomancer","floor":45,"turns":4},{"damage":0,"enemies":"Jaw Worm Horde","floor":46,"turns":3},{"damage":0,"enemies":"Giant Head","floor":48,"turns":2},{"damage":0,"enemies":"Donu and Deca","floor":50,"turns":6}],"green_key_taken_log":14,"seed_played":"313547889431078368","neow_bonus_log":{"cardsObtained":[],"cardsUpgraded":[],"cardsRemoved":[],"cardsTransformed":[],"relicsObtained":["Runic Dome"],"maxHpGained":0,"goldGained":0,"damageTaken":0,"goldLost":0,"maxHpLost":0},"potions_obtained":[{"floor":5,"key":"Fire Potion"},{"floor":6,"key":"Weak Potion"},{"floor":11,"key":"PowerPotion"},{"floor":14,"key":"FocusPotion"},{"floor":16,"key":"Energy Potion"},{"floor":23,"key":"Regen Potion"},{"floor":24,"key":"Fruit Juice"},{"floor":28,"key":"DistilledChaos"},{"floor":31,"key":"LiquidMemories"},{"floor":37,"key":"Ancient Potion"},{"floor":42,"key":"PowerPotion"},{"floor":45,"key":"ColorlessPotion"},{"floor":48,"key":"Strength Potion"}],"is_trial":false,"path_per_floor":["M","M","?","M","M","E","M","E","T","R","E","$","R","E","R","B",null,"M","?","?","M","M","E","M","?","T","?","E","M","E","M","R","B",null,"M","$","M","$","M","R","E","M","T","R","E","M","R","E","R","B",null],"character_chosen":"DEFECT","basemod:card_modifiers":[null,null,null,null,null,null,null,null,null,null,null,null,null,null,null,null,null,null,null,null,null,null,null,null,null,null,null,null,null,null,null,null,null,null],"items_purchased":["Defragment","Bag of Preparation","FocusPotion","PrismaticShard","Heatsinks","Finesse","Capacitor"],"campfire_rested":0,"item_purchase_floors":[12,12,12,36,36,36,38],"current_hp_per_floor":[74,72,77,77,74,61,58,40,47,47,46,46,46,63,63,42,101,101,101,101,101,101,72,80,80,80,80,59,59,48,58,58,58,106,106,106,106,106,106,106,106,106,106,106,87,93,93,104,104,106],"gold":299,"neow_bonus":"BOSS_RELIC","is_prod":false,"is_daily":false,"rewards_skipped":[{"floor":39,"relics":[],"potions":["EssenceOfSteel"]}],"chose_seed":false,"campfire_upgraded":8,"win_rate":0,"floor_exit_playtime":[107,140,144,191,236,330,412,461,468,486,614,636,644,701,721,842,871,975,984,988,1072,1161,1330,1466,1502,1505,1581,1666,1748,1873,1945,1960,2278,2309,2382,2419,2499,2541,2762,2772,2979,3105,3110,3128,3238,3351,3370,3482,3490,3684],"timestamp":1720712265,"path_taken":["M","M","?","M","M","E","M","E","T","R","E","$","R","E","R","BOSS","M","?","?","?","M","E","M","?","T","?","E","M","E","M","R","BOSS","M","$","M","$","M","R","E","M","T","R","E","M","R","E","R","BOSS"],"build_version":"2022-12-01","purchased_purges":2,"victory":true,"max_hp_per_floor":[75,75,80,80,80,80,80,80,87,87,87,87,87,101,101,101,101,101,101,101,101,101,101,101,101,101,101,101,101,101,106,106,106,106,106,106,106,106,106,106,106,106,106,106,106,106,106,106,106,106],"relic_stats":{"counters":[30,123],"CeramicFish":27,"PreservedInsect":394,"Bag of Preparation":[44],"Omamori":0,"Orichalcum":[6],"Boot":[145],"Cursed Key":0,"Pandora\u0027s Box":["Turbo","Gash","Chaos","Leap","Chaos","Barrage","All For One","FTL"],"Bottled Lightning":"Coolheaded","obtain_stats":[{"CeramicFish":41,"Mango":14,"PreservedInsect":23,"Bag of Preparation":12,"Omamori":45,"Orichalcum":30,"Frozen Egg 2":48,"Boot":11,"Cursed Key":34,"PrismaticShard":36,"Runic Dome":0,"Anchor":26,"Strawberry":9,"Pandora\u0027s Box":17,"Red Mask":27,"Bottled Lightning":28,"Cracked Core":0,"InkBottle":6,"Toy Ornithopter":8},{"CeramicFish":25,"Mango":9,"PreservedInsect":14,"Bag of Preparation":8,"Omamori":27,"Orichalcum":19,"Frozen Egg 2":29,"Boot":8,"Cursed Key":21,"PrismaticShard":22,"Runic Dome":0,"Anchor":15,"Strawberry":7,"Pandora\u0027s Box":10,"Red Mask":16,"Bottled Lightning":17,"Cracked Core":0,"InkBottle":5,"Toy Ornithopter":7},{"CeramicFish":105,"Mango":37,"PreservedInsect":58,"Bag of Preparation":34,"Omamori":112,"Orichalcum":74,"Frozen Egg 2":117,"Boot":34,"Cursed Key":87,"PrismaticShard":90,"Runic Dome":0,"Anchor":63,"Strawberry":26,"Pandora\u0027s Box":44,"Red Mask":65,"Bottled Lightning":68,"Cracked Core":0,"InkBottle":19,"Toy Ornithopter":26}],"InkBottle":[87],"Toy Ornithopter":30},"card_choices":[{"not_picked":["Hologram","Compile Driver"],"picked":"Sweeping Beam","floor":1},{"not_picked":["Genetic Algorithm","Conserve Battery"],"picked":"Hello World","floor":2},{"not_picked":["Conserve Battery","Steam"],"picked":"Genetic Algorithm","floor":4},{"not_picked":["Loop","Storm"],"picked":"Streamline","floor":5},{"not_picked":["Capacitor","Chaos"],"picked":"Fission","floor":6},{"not_picked":["Barrage","Storm","Steam"],"picked":"SKIP","floor":7},{"not_picked":["Gash","Compile Driver"],"picked":"Coolheaded","floor":8},{"not_picked":["Go for the Eyes","Barrage"],"picked":"Chaos","floor":11},{"not_picked":["Reprogram","Thunder Strike"],"picked":"Doom and Gloom","floor":14},{"not_picked":["Creative AI","Fission"],"picked":"Biased Cognition","floor":16},{"not_picked":["Beam Cell","Coolheaded"],"picked":"Conserve Battery+1","floor":18},{"not_picked":["Streamline+1","Stack"],"picked":"Double Energy","floor":21},{"not_picked":["Rebound","Hologram"],"picked":"Recycle+1","floor":22},{"not_picked":["Turbo","Beam Cell"],"picked":"Coolheaded","floor":23},{"not_picked":["Streamline","Chaos+1"],"picked":"Hyperbeam","floor":24},{"not_picked":["Steam","Streamline"],"picked":"Coolheaded+1","floor":27},{"not_picked":["Rip and Tear","Sunder","Streamline"],"picked":"SKIP","floor":28},{"not_picked":["Cold Snap","Consume+1"],"picked":"Hologram+1","floor":29},{"not_picked":["Coolheaded","Leap"],"picked":"Hologram+1","floor":30},{"not_picked":["Rebound","Genetic Algorithm+1"],"picked":"Electrodynamics","floor":31},{"not_picked":["Buffer","All For One"],"picked":"Machine Learning","floor":33},{"not_picked":["Lockon","Consume","Conserve Battery"],"picked":"SKIP","floor":35},{"not_picked":["Protect+1","Outmaneuver+1","Crescendo+1"],"picked":"SKIP","floor":37},{"not_picked":["Dramatic Entrance","Perfected Strike"],"picked":"Coolheaded+1","floor":39},{"not_picked":["Prostrate+1","Shrug It Off","Bane"],"picked":"SKIP","floor":41},{"not_picked":["Combust","WaveOfTheHand"],"picked":"Capacitor+1","floor":42},{"not_picked":["ThirdEye+1","Entrench"],"picked":"Bandage Up+1","floor":45},{"not_picked":["Dodge and Roll+1","All Out Attack","Consecrate+1"],"picked":"SKIP","floor":46},{"not_picked":["Shrug It Off","Perfected Strike+1"],"picked":"Rainbow","floor":48}],"player_experience":222933,"relics_obtained":[{"floor":6,"key":"InkBottle"},{"floor":8,"key":"Toy Ornithopter"},{"floor":9,"key":"Strawberry"},{"floor":11,"key":"Boot"},{"floor":14,"key":"Mango"},{"floor":23,"key":"PreservedInsect"},{"floor":26,"key":"Anchor"},{"floor":27,"key":"Red Mask"},{"floor":28,"key":"Bottled Lightning"},{"floor":30,"key":"Orichalcum"},{"floor":41,"key":"CeramicFish"},{"floor":45,"key":"Omamori"},{"floor":48,"key":"Frozen Egg 2"}],"event_choices":[{"damage_healed":0,"gold_gain":0,"player_choice":"Donut","damage_taken":0,"max_hp_gain":5,"max_hp_loss":0,"event_name":"Big Fish","floor":3,"gold_loss":0},{"cards_removed":["Chaos"],"damage_healed":0,"gold_gain":0,"player_choice":"Elegance","damage_taken":0,"max_hp_gain":0,"max_hp_loss":0,"event_name":"Back to Basics","floor":19,"gold_loss":0},{"damage_healed":0,"gold_gain":99,"player_choice":"Stole From Cult","damage_taken":0,"max_hp_gain":0,"max_hp_loss":0,"event_name":"Nest","floor":20,"gold_loss":0},{"damage_healed":0,"gold_gain":0,"player_choice":"Ignored","damage_taken":0,"max_hp_gain":0,"max_hp_loss":0,"event_name":"Ghosts","floor":25,"gold_loss":0},{"damage_healed":0,"gold_gain":0,"player_choice":"Fought Bandits","damage_taken":0,"max_hp_gain":0,"max_hp_loss":0,"event_name":"Masked Bandits","floor":27,"gold_loss":0}],"is_beta":false,"boss_relics":[{"not_picked":["SacredBark","Astrolabe"],"picked":"Pandora\u0027s Box"},{"not_picked":["Velvet Choker","Nuclear Battery"],"picked":"Cursed Key"}],"items_purged_floors":[36,38],"is_endless":false,"potions_floor_spawned":[5,6,11,14,16,23,24,28,31,37,39,42,45,48],"ascension_level":0,"potion_discard_per_floor":[[],[],[],[],[],[],[],[],[],[],[],[],[],[],[],[],[],[],[],[],[],[],[],[],[],[],[],[],[],[],[],[],[],[],[],[],["DistilledChaos"],[],[],[],[],[],[],[],[],[],[],[],[],[],[]]}