{"neow_bonuses_skipped_log":["TRANSFORM_CARD","TWENTY_PERCENT_HP_BONUS","BOSS_RELIC"],"potions_obtained_entropic_brew":[[],[],[],[],[],[],[],[],[],[],["Swift Potion","PotionOfCapacity"],[],[],[],[],[],[],[],[],[],[],[],[],[],[],[],[],[],[],[],[],[],[],[],[],[],[],[],[],[],[],[],[],[],[],[],[],[],[],[],[],[],[],[],[],[]],"neow_costs_skipped_log":["NONE","PERCENT_DAMAGE","NONE"],"gold_per_floor":[109,68,84,84,84,84,111,124,201,201,230,230,247,247,247,326,326,338,388,402,9,26,57,75,95,118,129,129,145,145,180,180,254,254,267,287,9,34,48,82,82,97,97,125,125,139,139,166,166,166,166,166,166,47,74,74],"floor_reached":56,"playtime":4843,"items_purged":["Strike_B","Defend_B"],"score":2439,"play_id":"236be3b1-69b2-4d38-bc68-191639d889d3","local_time":"20240715003534","score_breakdown":["Floors Climbed (56): 280","Enemies Slain (16): 32","Exordium Elites Killed (2): 20","City Elites Killed (2): 40","Beyond Elites Killed (2): 60","Bosses Slain (4): 500","Well Fed: 25","Champion (6): 150","Perfect (2): 100","C-c-c-combo: 25","Ascension (20): 1207"],"is_ascension_mode":true,"potions_obtained_alchemize":[[],[],[],[],[],[],[],[],[],[],[],[],[],[],[],[],[],[],[],[],[],[],[],[],[],[],[],[],[],[],[],[],[],[],[],[],[],[],[],[],[],[],[],[],[],[],[],[],[],[],[],[],[],[],[],[]],"campfire_choices":[{"data":"Streamline","floor":6.0,"key":"SMITH"},{"floor":10.0,"key":"REST"},{"data":"Zap","floor":15.0,"key":"SMITH"},{"data":"Hyperbeam","floor":32,"key":"SMITH"},{"floor":41,"key":"RECALL"},{"floor":47,"key":"DIG"},{"floor":49,"key":"DIG"},{"floor":53,"key":"DIG"}],"lesson_learned_per_floor":[[],[],[],[],[],[],[],[],[],[],[],[],[],[],[],[],[],[],[],[],[],[],[],[],[],[],[],[],[],[],[],[],[],[],[],[],[],[],[],[],[],[],[],[],[],[],[],[],[],[],[],[],[],[],[],[]],"neow_cost":"NONE","improvable_cards":{},"seed_source_timestamp":41341543036791,"shop_contents":[{"floor":2,"relics":["Darkstone Periapt","Peace Pipe","Cauldron"],"cards":["Hyperbeam","Turbo","Rainbow","Loop","Dark Shackles","Mayhem"],"potions":["Energy Potion","Swift Potion","DuplicationPotion"]},{"floor":21,"relics":["Emotion Chip","MealTicket","DollysMirror"],"cards":["Lockon","Sunder","Stack+1","Chrysalis+1"],"potions":["EssenceOfSteel","SpeedPotion"]},{"floor":37,"relics":["HornCleat","Dream Catcher","PrismaticShard"],"cards":["Rip and Tear","Melter","Genetic Algorithm+1","Static Discharge","Swift Strike","Mayhem"],"potions":["Explosive Potion","PotionOfCapacity","Explosive Potion"]},{"floor":54,"relics":["Blood Vial","Shuriken","Membership Card"],"cards":["Beam Cell","Streamline","Rainbow+1","Self Repair","Finesse+1","Mayhem"],"potions":["SpeedPotion","ColorlessPotion"]}],"circlet_count":0,"master_deck":["AscendersBane","Defend_B","Defend_B+1","Zap+1","Dualcast+1","Beam Cell","Rip and Tear","Hyperbeam+1","Gash","Meteor Strike","Go for the Eyes+1","Reprogram+1","Steam+1","Madness+1","Self Repair","Steam+1","Chill+1","Beam Cell","Beam Cell","Aggregate+1","All For One","Gash+1","Reboot+1","Reprogram+1","Conserve Battery+1","Fission+1","Recycle+1","Double Energy+1","Fusion+1","Recycle+1","Machine Learning"],"special_seed":0,"potion_use_per_floor":[[],[],[],[],[],[],["Explosive Potion"],[],[],[],["FearPotion","EntropicBrew"],[],[],[],[],["DuplicationPotion"],[],[],[],[],[],["DuplicationPotion"],["Explosive Potion"],["Swift Potion"],[],[],["Fruit Juice"],[],[],[],[],[],["Fire Potion","Weak Potion"],[],[],[],[],[],[],[],[],[],[],[],[],[],[],[],[],[],[],[],[],[],[],["Energy Potion","LiquidMemories"]],"relics":["Cracked Core","Nunchaku","InkBottle","Bag of Preparation","Lantern","Toxic Egg 2","Bag of Marbles","Oddly Smooth Stone","Unceasing Top","Empty Cage","Du-Vu Doll","Strawberry","Astrolabe","Torii","Shovel","Orichalcum","Bronze Scales","Pear","Eternal Feather","Happy Flower"],"potions_floor_usage":[22,23,24,27,33,33,56,56],"damage_taken":[{"damage":2.0,"enemies":"2 Louse","floor":1.0,"turns":2.0},{"damage":0.0,"enemies":"Cultist","floor":3.0,"turns":2.0},{"damage":17.0,"enemies":"3 Sentries","floor":7.0,"turns":5.0},{"damage":0.0,"enemies":"Small Slimes","floor":8.0,"turns":1.0},{"damage":0.0,"enemies":"Gremlin Nob","floor":11.0,"turns":2.0},{"damage":0.0,"enemies":"Exordium Wildlife","floor":13.0,"turns":1.0},{"damage":28.0,"enemies":"Hexaghost","floor":16.0,"turns":9.0},{"damage":12,"enemies":"2 Thieves","floor":18,"turns":3},{"damage":6,"enemies":"Shell Parasite","floor":20,"turns":2},{"damage":0,"enemies":"Chosen and Byrds","floor":22,"turns":3},{"damage":0,"enemies":"Gremlin Leader","floor":23,"turns":5},{"damage":0,"enemies":"Sentry and Sphere","floor":24,"turns":3},{"damage":10,"enemies":"Snecko","floor":25,"turns":5},{"damage":9,"enemies":"Shelled Parasite and Fungi","floor":27,"turns":5},{"damage":0,"enemies":"Chosen and Byrds","floor":29,"turns":2},{"damage":0,"enemies":"Slavers","floor":31,"turns":5},{"damage":40,"enemies":"Automaton","floor":33,"turns":10},{"damage":0,"enemies":"Orb Walker","floor":35,"turns":2},{"damage":0,"enemies":"3 Darklings","floor":36,"turns":3},{"damage":0,"enemies":"Mind Bloom Boss Battle","floor":38,"turns":3},{"damage":8,"enemies":"Spire Growth","floor":39,"turns":3},{"damage":0,"enemies":"Reptomancer","floor":40,"turns":2},{"damage":0,"enemies":"Transient","floor":42,"turns":6},{"damage":0,"enemies":"Giant Head","floor":44,"turns":1},{"damage":0,"enemies":"4 Shapes","floor":46,"turns":1},{"damage":0,"enemies":"Donu and Deca","floor":50,"turns":4},{"damage":0,"enemies":"Awakened One","floor":51,"turns":5},{"damage":0,"enemies":"Shield and Spear","floor":55,"turns":1},{"damage":103,"enemies":"The Heart","floor":56,"turns":3}],"green_key_taken_log":40,"seed_played":"-6077838603529942727","neow_bonus_log":{"cardsObtained":[],"cardsUpgraded":[],"cardsRemoved":[],"cardsTransformed":[],"relicsObtained":["Bag of Preparation"],"maxHpGained":0,"goldGained":0,"damageTaken":0,"goldLost":0,"maxHpLost":0},"potions_obtained":[{"floor":3.0,"key":"Explosive Potion"},{"floor":7.0,"key":"FearPotion"},{"floor":8.0,"key":"EntropicBrew"},{"floor":13.0,"key":"DuplicationPotion"},{"floor":22,"key":"Explosive Potion"},{"floor":23,"key":"Fire Potion"},{"floor":24,"key":"Fruit Juice"},{"floor":27,"key":"Dexterity Potion"},{"floor":31,"key":"Weak Potion"},{"floor":35,"key":"PotionOfCapacity"},{"floor":36,"key":"Fire Potion"},{"floor":38,"key":"Energy Potion"}],"is_trial":false,"path_per_floor":["M","$","M","?","?","R","E","M","T","R","E","?","M","T","R","B",null,"M","?","M","$","M","E","M","M","T","M","?","M","?","E","R","B",null,"M","M","$","?","M","E","R","M","T","E","?","M","R","T","R","B","B",null,"R","$","E","B"],"character_chosen":"DEFECT","basemod:card_modifiers":[null,null,null,null,null,null,null,null,null,null,null,null,null,null,null,null,null,null,null,null,null,null,null,null,null,null,null,null,null,null,null],"items_purchased":["Rip and Tear","Steam+1","Madness+1","DuplicationPotion","Self Repair","Fission+1","Recycle+1","LiquidMemories"],"campfire_rested":1,"item_purchase_floors":[2,21,21,21,21,37,54,54],"current_hp_per_floor":[62,62,62,41,34,34,17,17,17,38,38,38,38,38,38,10,56,44,44,38,38,38,45,52,42,42,45,45,52,30,44,44,11,69,76,83,83,88,87,87,87,88,88,88,88,88,88,88,98,98,98,98,98,98,98,0],"gold":74,"neow_bonus":"RANDOM_COMMON_RELIC","is_prod":false,"is_daily":false,"rewards_skipped":[{"floor":39,"relics":[],"potions":["ColorlessPotion"]}],"chose_seed":false,"campfire_upgraded":3,"win_rate":0,"floor_exit_playtime":[773,855,888,893,969,992,1061,1101,1104,1108,1167,1186,1241,1248,1260,1466,1555,1619,1624,1714,1816,1909,2037,2147,2270,2316,2448,2454,2548,2571,2724,2747,2996,3096,3139,3253,3311,3415,3514,3602,3615,3816,3820,3908,3913,3952,3959,3963,3983,4138,4369,4442,4450,4570,4692],"timestamp":1721018134,"blue_key_relic_skipped_log":{"floor":26,"relicID":"Akabeko"},"path_taken":["M","$","M","?","?","R","E","M","T","R","E","?","M","?","R","BOSS","M","?","M","$","M","E","M","M","T","M","?","M","?","E","R","BOSS","M","M","$","?","M","E","R","M","T","E","?","M","R","?","R","BOSS","BOSS","R","$","E","BOSS"],"build_version":"2022-12-01","purchased_purges":2,"victory":false,"max_hp_per_floor":[71,71,71,71,71,71,71,71,71,71,71,71,71,71,71,71,71,71,71,71,71,71,71,71,71,71,76,76,76,81,88,88,88,88,88,88,88,88,88,88,88,88,88,88,88,88,88,88,98,98,98,98,98,98,98,98],"relic_stats":{"Torii":26,"Happy Flower":[1],"counters":[29,99],"Astrolabe":["Gash","Reboot","Reprogram"],"Eternal Feather":0,"Bag of Preparation":[58],"Orichalcum":[12],"Nunchaku":[7],"Shovel":3,"Bronze Scales":[75],"obtain_stats":[{"Lantern":7,"Pear":49,"Torii":38,"Happy Flower":55,"Astrolabe":34,"Oddly Smooth Stone":12,"Eternal Feather":53,"Bag of Preparation":0,"Orichalcum":43,"Empty Cage":17,"Du-Vu Doll":23,"Nunchaku":48,"Shovel":40,"Strawberry":31,"Bronze Scales":47,"Bag of Marbles":11,"Toxic Egg 2":9,"Cracked Core":0,"Unceasing Top":14,"InkBottle":44},{"Lantern":3,"Pear":25,"Torii":20,"Happy Flower":28,"Astrolabe":17,"Oddly Smooth Stone":5,"Eternal Feather":27,"Bag of Preparation":0,"Orichalcum":23,"Empty Cage":7,"Du-Vu Doll":11,"Nunchaku":25,"Shovel":22,"Strawberry":16,"Bronze Scales":25,"Bag of Marbles":5,"Toxic Egg 2":4,"Cracked Core":0,"Unceasing Top":6,"InkBottle":24},{"Lantern":9,"Pear":86,"Torii":73,"Happy Flower":96,"Astrolabe":65,"Oddly Smooth Stone":12,"Eternal Feather":95,"Bag of Preparation":0,"Orichalcum":84,"Empty Cage":22,"Du-Vu Doll":35,"Nunchaku":86,"Shovel":78,"Strawberry":55,"Bronze Scales":86,"Bag of Marbles":12,"Toxic Egg 2":10,"Cracked Core":0,"Unceasing Top":13,"InkBottle":85}],"InkBottle":[19],"Unceasing Top":[164]},"card_choices":[{"not_picked":["Sunder","Compile Driver"],"picked":"Beam Cell","floor":1.0},{"not_picked":["Capacitor","Leap"],"picked":"Streamline","floor":3.0},{"not_picked":["Rebound","Tempest"],"picked":"Hyperbeam","floor":7.0},{"not_picked":["Streamline","Chill"],"picked":"Gash","floor":8.0},{"not_picked":["Beam Cell","Seek+1"],"picked":"Glacier+1","floor":11.0},{"not_picked":["Tempest+1","Heatsinks","Streamline"],"picked":"SKIP","floor":13.0},{"not_picked":["Electrodynamics","Machine Learning"],"picked":"Meteor Strike","floor":16.0},{"not_picked":["Static Discharge","Rebound"],"picked":"Go for the Eyes+1","floor":18},{"not_picked":["Leap+1","Darkness+1"],"picked":"Reprogram+1","floor":20},{"not_picked":["Compile Driver+1","Stack+1"],"picked":"Steam+1","floor":22},{"not_picked":["Blizzard","Streamline"],"picked":"Chill+1","floor":23},{"not_picked":["Sweeping Beam","Streamline","Heatsinks"],"picked":"SKIP","floor":24},{"not_picked":["Sweeping Beam","Streamline","Heatsinks"],"picked":"SKIP","floor":24},{"not_picked":["Reinforced Body+1","Barrage","Capacitor"],"picked":"SKIP","floor":25},{"not_picked":["Lockon","Go for the Eyes"],"picked":"Beam Cell","floor":27},{"not_picked":["Auto Shields+1","Steam+1"],"picked":"Beam Cell","floor":29},{"not_picked":["Cold Snap","Darkness+1"],"picked":"Aggregate+1","floor":31},{"not_picked":["Hyperbeam","Machine Learning"],"picked":"All For One","floor":33},{"not_picked":["Steam+1","Leap+1"],"picked":"Conserve Battery+1","floor":35},{"not_picked":["Stack+1","Undo+1","Beam Cell+1"],"picked":"SKIP","floor":36},{"not_picked":["Beam Cell+1","Reinforced Body+1","Cold Snap+1"],"picked":"SKIP","floor":38},{"not_picked":["Chaos+1","Capacitor","Go for the Eyes"],"picked":"SKIP","floor":39},{"not_picked":["Auto Shields+1","Rip and Tear"],"picked":"Recycle+1","floor":40},{"not_picked":["Stack+1","Conserve Battery+1"],"picked":"Double Energy+1","floor":42},{"not_picked":["Heatsinks","Steam+1","Defragment"],"picked":"SKIP","floor":44},{"not_picked":["Heatsinks","Steam+1","Defragment"],"picked":"SKIP","floor":44},{"not_picked":["Gash","Ball Lightning+1"],"picked":"Fusion+1","floor":46},{"not_picked":["Go for the Eyes","Hello World"],"picked":"Machine Learning","floor":55}],"player_experience":238136,"relics_obtained":[{"floor":7.0,"key":"Lantern"},{"floor":9.0,"key":"Toxic Egg 2"},{"floor":11.0,"key":"Bag of Marbles"},{"floor":14.0,"key":"Unceasing Top"},{"floor":23,"key":"Du-Vu Doll"},{"floor":31,"key":"Strawberry"},{"floor":38,"key":"Torii"},{"floor":40,"key":"Shovel"},{"floor":43,"key":"Orichalcum"},{"floor":44,"key":"InkBottle"},{"floor":47,"key":"Bronze Scales"},{"floor":48,"key":"Nunchaku"},{"floor":49,"key":"Pear"},{"floor":53,"key":"Eternal Feather"},{"floor":55,"key":"Happy Flower"}],"event_choices":[{"damage_healed":0.0,"max_hp_gain":0.0,"max_hp_loss":0.0,"gold_gain":0.0,"event_name":"Shining Light","player_choice":"Entered Light","floor":4.0,"gold_loss":0.0,"damage_taken":21.0,"cards_upgraded":["Dualcast","Defend_B"]},{"cards_removed":["Defend_B"],"damage_healed":0.0,"max_hp_gain":0.0,"max_hp_loss":0.0,"gold_gain":0.0,"event_name":"Golden Wing","player_choice":"Card Removal","floor":5.0,"gold_loss":0.0,"damage_taken":7.0},{"damage_healed":0.0,"max_hp_gain":0.0,"max_hp_loss":0.0,"gold_gain":0.0,"event_name":"WeMeetAgain","player_choice":"Gave Potion","floor":12.0,"gold_loss":0.0,"damage_taken":0.0,"relics_obtained":["Oddly Smooth Stone"]},{"damage_healed":0,"gold_gain":50,"player_choice":"Stole From Cult","damage_taken":0,"max_hp_gain":0,"max_hp_loss":0,"event_name":"Nest","floor":19,"gold_loss":0},{"damage_healed":0,"gold_gain":0,"player_choice":"Ignored","damage_taken":0,"max_hp_gain":0,"max_hp_loss":0,"event_name":"The Mausoleum","floor":28,"gold_loss":0},{"damage_healed":0,"gold_gain":0,"player_choice":"Shed Blood","damage_taken":27,"max_hp_gain":5,"max_hp_loss":0,"event_name":"Forgotten Altar","floor":30,"gold_loss":0},{"damage_healed":0,"gold_gain":0,"player_choice":"Fight","damage_taken":0,"max_hp_gain":0,"max_hp_loss":0,"event_name":"MindBloom","floor":38,"gold_loss":0},{"damage_healed":0,"gold_gain":0,"player_choice":"Ignored","damage_taken":0,"max_hp_gain":0,"max_hp_loss":0,"event_name":"Tomb of Lord Red Mask","floor":45,"gold_loss":0}],"is_beta":false,"boss_relics":[{"not_picked":["Tiny House","Busted Crown"],"picked":"Empty Cage"},{"not_picked":["Velvet Choker","Calling Bell"],"picked":"Astrolabe"}],"items_purged_floors":[21,37],"is_endless":false,"potions_floor_spawned":[3,7,8,13,22,23,24,27,31,35,36,38,39],"killed_by":"The Heart","ascension_level":20,"potion_discard_per_floor":[[],[],[],[],[],[],[],[],[],[],[],[],[],[],[],[],[],[],[],[],[],[],[],[],[],[],[],[],[],[],["Dexterity Potion"],[],[],[],[],[],[],["PotionOfCapacity"],[],[],[],[],[],[],[],[],[],[],[],[],[],[],[],["Fire Potion"],[],[]]}