{"gold_per_floor":[116,41,61,61,75,102,102,113,113,56,91,91,125,125,125,204,204,214,227,80,5,5,37,37,65,65,80,91,91,91,102,102,102],"floor_reached":33,"playtime":2110,"items_purged":["Defend_P","Strike_P"],"score":656,"play_id":"1900a76f-d562-42a9-9da1-88622c66786a","local_time":"20230828222149","is_ascension_mode":true,"campfire_choices":[{"floor":7,"key":"REST"},{"floor":12,"key":"REST"},{"data":"CrushJoints","floor":15,"key":"SMITH"},{"floor":24,"key":"REST"},{"floor":30,"key":"REST"},{"floor":32,"key":"REST"}],"neow_cost":"NONE","seed_source_timestamp":330658042728958,"circlet_count":0,"master_deck":["AscendersBane","Eruption+1","Vigilance","CutThroughFate","ThirdEye","CrushJoints+1","CarveReality+1","BowlingBash+1","Establishment","Wireheading+1","ReachHeaven+1","DeusExMachina+1","Indignation","MentalFortress","Omniscience","ThirdEye+1","SashWhip+1"],"relics":["PureWater","NeowsBlessing","Molten Egg 2","Turnip","Pocketwatch","The Courier","Astrolabe","Anchor","Centennial Puzzle","Matryoshka"],"potions_floor_usage":[13,16,23,28],"damage_taken":[{"damage":0,"enemies":"Cultist","floor":1,"turns":1},{"damage":0,"enemies":"Small Slimes","floor":3,"turns":1},{"damage":0,"enemies":"2 Louse","floor":5,"turns":2},{"damage":44,"enemies":"Gremlin Nob","floor":6,"turns":4},{"damage":0,"enemies":"Exordium Thugs","floor":8,"turns":2},{"damage":22,"enemies":"3 Sentries","floor":11,"turns":6},{"damage":0,"enemies":"Lagavulin","floor":13,"turns":3},{"damage":15,"enemies":"Hexaghost","floor":16,"turns":7},{"damage":12,"enemies":"3 Byrds","floor":18,"turns":3},{"damage":14,"enemies":"2 Thieves","floor":19,"turns":2},{"damage":18,"enemies":"Slavers","floor":23,"turns":4},{"damage":24,"enemies":"Book of Stabbing","floor":25,"turns":3},{"damage":0,"enemies":"Cultist and Chosen","floor":27,"turns":3},{"damage":0,"enemies":"Snecko","floor":28,"turns":2},{"damage":20,"enemies":"Sentry and Sphere","floor":31,"turns":3},{"damage":28,"enemies":"Automaton","floor":33,"turns":4}],"seed_played":"7433153157306812758","potions_obtained":[{"floor":8,"key":"PowerPotion"},{"floor":11,"key":"Explosive Potion"},{"floor":18,"key":"SneckoOil"},{"floor":25,"key":"ColorlessPotion"},{"floor":31,"key":"SmokeBomb"}],"is_trial":false,"path_per_floor":["M","$","M","?","M","E","R","M","T","$","E","R","E","T","R","B",null,"M","M","$","?","?","E","R","E","T","M","M","?","R","M","R","B"],"character_chosen":"WATCHER","basemod:card_modifiers":[null,null,null,null,null,null,null,null,null,null,null,null,null,null,null,null,null],"items_purchased":["BowlingBash+1","MentalFortress"],"campfire_rested":5,"item_purchase_floors":[10,20],"current_hp_per_floor":[61,61,61,61,61,17,37,37,37,37,15,35,35,35,35,20,56,44,30,30,30,30,12,32,8,8,8,8,8,28,8,28,0],"gold":102,"neow_bonus":"THREE_ENEMY_KILL","is_prod":false,"is_daily":false,"chose_seed":false,"campfire_upgraded":1,"win_rate":1,"timestamp":1693275709,"path_taken":["M","?","M","?","?","E","R","M","T","$","E","R","E","?","R","BOSS","M","M","?","?","?","E","R","E","T","?","M","?","R","M","R","BOSS"],"build_version":"2022-12-01","purchased_purges":2,"victory":false,"max_hp_per_floor":[68,68,68,68,68,68,68,68,68,68,68,68,68,68,68,68,68,68,68,68,68,68,68,68,68,68,68,68,68,68,68,68,68],"card_choices":[{"not_picked":["Protect","BowlingBash"],"picked":"CutThroughFate","floor":1},{"not_picked":["ClearTheMind","EmptyBody"],"picked":"ThirdEye","floor":3},{"not_picked":["Prostrate","LessonLearned"],"picked":"CrushJoints","floor":5},{"not_picked":["Worship","CutThroughFate+1"],"picked":"CarveReality+1","floor":6},{"not_picked":["Study","PathToVictory","Halt"],"picked":"SKIP","floor":8},{"not_picked":["Consecrate+1","Evaluate","Protect"],"picked":"SKIP","floor":11},{"not_picked":["CutThroughFate+1","JustLucky+1","EmptyFist+1"],"picked":"SKIP","floor":13},{"not_picked":["MasterReality","DevaForm"],"picked":"Establishment","floor":16},{"not_picked":["Protect","CrushJoints+1"],"picked":"Indignation","floor":18},{"not_picked":["ClearTheMind","JustLucky+1","Crescendo"],"picked":"SKIP","floor":19},{"not_picked":["FollowUp+1","CarveReality+1","Evaluate"],"picked":"SKIP","floor":23},{"not_picked":["Protect+1","Brilliance+1"],"picked":"Omniscience","floor":25},{"not_picked":["EmptyFist+1","FlyingSleeves+1"],"picked":"ThirdEye+1","floor":27},{"not_picked":["Halt","Consecrate+1"],"picked":"SashWhip+1","floor":28},{"not_picked":["SandsOfTime+1","ForeignInfluence","CrushJoints+1"],"picked":"SKIP","floor":31}],"player_experience":107741,"relics_obtained":[{"floor":6,"key":"Molten Egg 2"},{"floor":9,"key":"Turnip"},{"floor":11,"key":"Pocketwatch"},{"floor":13,"key":"The Courier"},{"floor":23,"key":"Anchor"},{"floor":25,"key":"Centennial Puzzle"},{"floor":26,"key":"Matryoshka"}],"event_choices":[{"cards_removed":["Defend_P"],"damage_healed":0,"gold_gain":0,"player_choice":"Purged","damage_taken":0,"max_hp_gain":0,"max_hp_loss":0,"event_name":"Purifier","floor":4,"gold_loss":0},{"cards_removed":["Strike_P"],"damage_healed":0,"gold_gain":0,"player_choice":"Gave Gold","damage_taken":0,"max_hp_gain":0,"max_hp_loss":0,"event_name":"Beggar","floor":21,"gold_loss":75},{"damage_healed":0,"gold_gain":0,"player_choice":"Forge","damage_taken":0,"max_hp_gain":0,"max_hp_loss":0,"event_name":"Accursed Blacksmith","floor":22,"gold_loss":0,"cards_upgraded":["Eruption"]},{"cards_removed":["Strike_P"],"damage_healed":0,"gold_gain":0,"player_choice":"Elegance","damage_taken":0,"max_hp_gain":0,"max_hp_loss":0,"event_name":"Back to Basics","floor":29,"gold_loss":0}],"is_beta":false,"boss_relics":[{"not_picked":["Ectoplasm","Fusion Hammer"],"picked":"Astrolabe"}],"items_purged_floors":[2,20],"is_endless":false,"potions_floor_spawned":[8,11,18,25,31],"killed_by":"Automaton","ascension_level":20}