{"gold_per_floor":[111,36,36,36,48,83,83,117,117,117,117,132,165,165,165,236,236,253,269,269,269,304,304,335,335,362,404,155,155,167,181,181,260,260,273,273,286,286,236,236,261,261,288,303,317,350,367,589,589,589,589],"floor_reached":51,"playtime":4635,"items_purged":["Defend_P","Defend_P"],"score":1618,"play_id":"a8fcd3c6-9d15-4ec0-92e2-46839d4cc63c","local_time":"20231017104611","is_ascension_mode":true,"campfire_choices":[{"data":"SandsOfTime","floor":7.0,"key":"SMITH"},{"data":"Eruption","floor":11.0,"key":"SMITH"},{"data":"InnerPeace","floor":15.0,"key":"SMITH"},{"data":"CrushJoints","floor":23.0,"key":"SMITH"},{"data":"Collect","floor":25.0,"key":"SMITH"},{"data":"Scrawl","floor":29.0,"key":"SMITH"},{"data":"WheelKick","floor":32.0,"key":"SMITH"},{"data":"Scrawl","floor":40.0,"key":"SMITH"},{"floor":42.0,"key":"RECALL"},{"data":"MentalFortress","floor":49.0,"key":"SMITH"}],"neow_cost":"NONE","seed_source_timestamp":0,"circlet_count":0,"master_deck":["AscendersBane","Strike_P","Strike_P","Strike_P","Defend_P+1","Eruption+1","Vigilance","ThirdEye+1","Tantrum","SandsOfTime+1","InnerPeace+1","Scrawl+1","Collect+1","CrushJoints+1","MentalFortress+1","MentalFortress","WheelKick+1","Scrawl+1","ReachHeaven"],"special_seed":0,"relics":["PureWater","NeowsBlessing","Eternal Feather","Lantern","Matryoshka","War Paint","Mummified Hand","Ginger","Coffee Dripper","Red Mask","Sundial","MawBank","Akabeko","Smiling Mask","Chemical X","Black Star","MealTicket","Anchor","Dream Catcher","Oddly Smooth Stone"],"potions_floor_usage":[51],"damage_taken":[{"damage":0.0,"enemies":"Jaw Worm","floor":1.0,"turns":1.0},{"damage":0.0,"enemies":"2 Louse","floor":5.0,"turns":2.0},{"damage":0.0,"enemies":"3 Sentries","floor":6.0,"turns":1.0},{"damage":16.0,"enemies":"Gremlin Nob","floor":8.0,"turns":3.0},{"damage":0.0,"enemies":"Cultist","floor":12.0,"turns":1.0},{"damage":7.0,"enemies":"3 Sentries","floor":13.0,"turns":3.0},{"damage":3.0,"enemies":"The Guardian","floor":16.0,"turns":11.0},{"damage":0.0,"enemies":"Shell Parasite","floor":18.0,"turns":2.0},{"damage":10.0,"enemies":"Spheric Guardian","floor":19.0,"turns":4.0},{"damage":3.0,"enemies":"Masked Bandits","floor":22.0,"turns":3.0},{"damage":0.0,"enemies":"Gremlin Leader","floor":24.0,"turns":4.0},{"damage":31.0,"enemies":"Slavers","floor":27.0,"turns":4.0},{"damage":8.0,"enemies":"3 Cultists","floor":30.0,"turns":4.0},{"damage":0.0,"enemies":"Cultist and Chosen","floor":31.0,"turns":3.0},{"damage":24.0,"enemies":"Automaton","floor":33.0,"turns":4.0},{"damage":10.0,"enemies":"3 Darklings","floor":35.0,"turns":3.0},{"damage":6.0,"enemies":"3 Shapes","floor":37.0,"turns":3.0},{"damage":25.0,"enemies":"Reptomancer","floor":41.0,"turns":4.0},{"damage":0.0,"enemies":"3 Darklings","floor":44.0,"turns":2.0},{"damage":0.0,"enemies":"Writhing Mass","floor":45.0,"turns":2.0},{"damage":0.0,"enemies":"Giant Head","floor":46.0,"turns":4.0},{"damage":0.0,"enemies":"Maw","floor":47.0,"turns":4.0},{"damage":17.0,"enemies":"Time Eater","floor":50.0,"turns":6.0},{"damage":39,"enemies":"Donu and Deca","floor":51,"turns":3}],"seed_played":"7165865967666204006","potions_obtained":[{"floor":1.0,"key":"Weak Potion"},{"floor":3.0,"key":"StancePotion"},{"floor":5.0,"key":"SteroidPotion"},{"floor":13.0,"key":"ColorlessPotion"},{"floor":18.0,"key":"SkillPotion"},{"floor":30.0,"key":"Swift Potion"},{"floor":31.0,"key":"Fruit Juice"},{"floor":33.0,"key":"Swift Potion"},{"floor":37.0,"key":"Regen Potion"},{"floor":45.0,"key":"Swift Potion"}],"is_trial":false,"path_per_floor":["M","?","?","$","M","E","R","E","T","T","R","M","E","?","R","B",null,"M","M","?","?","?","R","E","R","T","E","$","R","M","M","R","B",null,"M","?","M","?","$","R","E","R","T","M","M","E","M","?","R","B","B"],"character_chosen":"WATCHER","basemod:card_modifiers":[null,null,null,null,null,null,null,null,null,null,null,null,null,null,null,null,null,null,null],"items_purchased":["Chemical X","PowerPotion"],"campfire_rested":0,"item_purchase_floors":[28,28],"current_hp_per_floor":[61,61,61,61,61,61,67,51,51,51,57,57,50,50,56,53,64,64,54,54,35,32,41,41,50,50,19,19,28,20,20,29,10,61,51,51,45,45,45,54,29,38,38,43,43,43,43,43,52,35,0],"gold":589,"neow_bonus":"THREE_ENEMY_KILL","is_prod":false,"is_daily":false,"chose_seed":false,"campfire_upgraded":9,"win_rate":0,"timestamp":1697553971,"path_taken":["M","?","?","$","?","E","R","E","T","?","R","M","E","?","R","BOSS","M","M","?","?","?","R","E","R","T","E","$","R","?","M","R","BOSS","M","?","M","?","$","R","E","R","T","M","M","E","?","?","R","BOSS","BOSS"],"build_version":"2022-12-01","purchased_purges":2,"victory":false,"max_hp_per_floor":[68,68,68,68,68,68,68,68,68,68,68,68,68,68,68,68,68,68,68,68,73,73,73,73,73,73,73,73,73,73,73,73,78,78,78,74,74,74,74,74,74,74,74,74,74,74,74,74,74,74,74],"card_choices":[{"not_picked":["DeceiveReality","Fasting2"],"picked":"ThirdEye","floor":1.0},{"not_picked":["JustLucky","EmptyMind"],"picked":"Tantrum","floor":5.0},{"not_picked":["Halt","CarveReality"],"picked":"SandsOfTime","floor":6.0},{"not_picked":["Evaluate","ReachHeaven","Tantrum"],"picked":"SKIP","floor":8.0},{"not_picked":["SashWhip","DevaForm","WreathOfFlame"],"picked":"SKIP","floor":12.0},{"not_picked":["Halt","FlurryOfBlows"],"picked":"InnerPeace","floor":13.0},{"not_picked":["ConjureBlade","MasterReality"],"picked":"Scrawl","floor":16.0},{"not_picked":["Protect","Halt","SignatureMove"],"picked":"SKIP","floor":18.0},{"not_picked":["Meditate+1","Swivel","FlyingSleeves"],"picked":"SKIP","floor":19.0},{"not_picked":["ThirdEye","Prostrate"],"picked":"CrushJoints","floor":22.0},{"not_picked":["Halt+1","CrushJoints+1","Prostrate"],"picked":"SKIP","floor":24.0},{"not_picked":["BowlingBash","Indignation"],"picked":"MentalFortress","floor":27.0},{"not_picked":["ThirdEye","FlyingSleeves"],"picked":"MentalFortress","floor":30.0},{"not_picked":["JustLucky","Vengeance"],"picked":"WheelKick","floor":31.0},{"not_picked":["Alpha","MasterReality"],"picked":"Scrawl","floor":33.0},{"not_picked":["JustLucky","CutThroughFate","Prostrate"],"picked":"SKIP","floor":35.0},{"not_picked":["Pray","ReachHeaven","Prostrate"],"picked":"SKIP","floor":37.0},{"not_picked":["MentalFortress","FlyingSleeves","Consecrate"],"picked":"SKIP","floor":41.0},{"not_picked":["EmptyBody","Wallop","BowlingBash"],"picked":"SKIP","floor":44.0},{"not_picked":["MasterReality","SashWhip","ClearTheMind"],"picked":"SKIP","floor":45.0},{"not_picked":["Protect","ClearTheMind","JustLucky+1"],"picked":"SKIP","floor":46.0},{"not_picked":["ForeignInfluence","WreathOfFlame+1","Meditate"],"picked":"SKIP","floor":47.0}],"player_experience":176576,"relics_obtained":[{"floor":6.0,"key":"Eternal Feather"},{"floor":8.0,"key":"Lantern"},{"floor":9.0,"key":"Matryoshka"},{"floor":10.0,"key":"War Paint"},{"floor":10.0,"key":"Mummified Hand"},{"floor":13.0,"key":"Ginger"},{"floor":22.0,"key":"Red Mask"},{"floor":24.0,"key":"Sundial"},{"floor":26.0,"key":"MawBank"},{"floor":26.0,"key":"Akabeko"},{"floor":27.0,"key":"Smiling Mask"},{"floor":41.0,"key":"MealTicket"},{"floor":41.0,"key":"Anchor"},{"floor":46.0,"key":"Dream Catcher"},{"floor":46.0,"key":"Oddly Smooth Stone"}],"event_choices":[{"cards_removed":["Defend_P"],"damage_healed":0.0,"max_hp_gain":0.0,"max_hp_loss":0.0,"gold_gain":0.0,"event_name":"The Cleric","player_choice":"Card Removal","floor":2.0,"gold_loss":75.0,"damage_taken":0.0},{"damage_healed":0.0,"max_hp_gain":0.0,"max_hp_loss":0.0,"gold_gain":0.0,"event_name":"Lab","player_choice":"Got Potions","floor":3.0,"gold_loss":0.0,"damage_taken":0.0},{"damage_healed":0.0,"max_hp_gain":0.0,"max_hp_loss":0.0,"gold_gain":0.0,"event_name":"Liars Game","player_choice":"Ignored","floor":14.0,"gold_loss":0.0,"damage_taken":0.0},{"damage_healed":0.0,"max_hp_gain":0.0,"max_hp_loss":0.0,"gold_gain":0.0,"event_name":"The Library","player_choice":"Read","floor":20.0,"gold_loss":0.0,"damage_taken":0.0,"cards_obtained":["Collect"]},{"damage_healed":0.0,"max_hp_gain":5.0,"max_hp_loss":0.0,"gold_gain":0.0,"event_name":"Forgotten Altar","player_choice":"Shed Blood","floor":21.0,"gold_loss":0.0,"damage_taken":24.0},{"damage_healed":0.0,"max_hp_gain":0.0,"max_hp_loss":0.0,"gold_gain":0.0,"event_name":"Masked Bandits","player_choice":"Fought Bandits","floor":22.0,"gold_loss":0.0,"damage_taken":0.0},{"damage_healed":0.0,"max_hp_gain":0.0,"max_hp_loss":4.0,"gold_gain":0.0,"event_name":"Winding Halls","player_choice":"Max HP","floor":36.0,"gold_loss":0.0,"damage_taken":0.0},{"damage_healed":0.0,"max_hp_gain":0.0,"max_hp_loss":0.0,"gold_gain":0.0,"cards_transformed":["Strike_P"],"event_name":"Transmorgrifier","player_choice":"Transformed","floor":38.0,"gold_loss":0.0,"damage_taken":0.0,"cards_obtained":["ReachHeaven"]},{"damage_healed":0.0,"max_hp_gain":0.0,"max_hp_loss":0.0,"gold_gain":222.0,"event_name":"Tomb of Lord Red Mask","player_choice":"Wore Mask","floor":48.0,"gold_loss":0.0,"damage_taken":0.0}],"is_beta":false,"boss_relics":[{"not_picked":["Cursed Key","Sozu"],"picked":"Coffee Dripper"},{"not_picked":["Runic Dome","Busted Crown"],"picked":"Black Star"}],"items_purged_floors":[28,39],"is_endless":false,"potions_floor_spawned":[1,5,6,13,18,30,31,33,37,45,47],"killed_by":"Donu and Deca","ascension_level":20}