{"gold_per_floor":[109,119,131,131,144,157,185,185,185,195,224,244,244,260,260,339,339,352,352,352,366,250,283,283,295,295,310,310],"floor_reached":28,"playtime":2503,"items_purged":["Pain"],"score":608,"play_id":"57f49fbd-0596-4800-bd11-04d93b3add03","local_time":"20231028111012","is_ascension_mode":true,"campfire_choices":[{"data":"Eruption","floor":8,"key":"SMITH"},{"floor":13,"key":"REST"},{"data":"1","floor":15,"key":"LIFT"},{"floor":24,"key":"REST"}],"neow_cost":"NONE","seed_source_timestamp":440069718992458,"circlet_count":0,"master_deck":["AscendersBane","Strike_P","Strike_P","Strike_P","Strike_P","Defend_P","Defend_P","Defend_P","Eruption+1","Vigilance","Devotion","Consecrate","FlurryOfBlows","ForeignInfluence","Crescendo","BattleHymn","CutThroughFate","Vault","ThirdEye","WheelKick","Wireheading","FearNoEvil","Prostrate","TalkToTheHand"],"relics":["HolyWater","WarpedTongs","Lantern","Girya","Gambling Chip","Torii"],"potions_floor_usage":[7,16,23,27,28],"damage_taken":[{"damage":0,"enemies":"Cultist","floor":1,"turns":2},{"damage":2,"enemies":"2 Louse","floor":2,"turns":3},{"damage":2,"enemies":"Jaw Worm","floor":3,"turns":2},{"damage":2,"enemies":"Blue Slaver","floor":5,"turns":2},{"damage":25,"enemies":"Exordium Thugs","floor":6,"turns":6},{"damage":11,"enemies":"Gremlin Nob","floor":7,"turns":3},{"damage":6,"enemies":"3 Louse","floor":10,"turns":4},{"damage":8,"enemies":"3 Sentries","floor":11,"turns":4},{"damage":0,"enemies":"Lots of Slimes","floor":12,"turns":1},{"damage":20,"enemies":"Exordium Wildlife","floor":14,"turns":3},{"damage":0,"enemies":"Slime Boss","floor":16,"turns":2},{"damage":5,"enemies":"3 Byrds","floor":18,"turns":4},{"damage":4,"enemies":"Chosen","floor":21,"turns":4},{"damage":38,"enemies":"Book of Stabbing","floor":23,"turns":5},{"damage":23,"enemies":"Snake Plant","floor":25,"turns":3},{"damage":0,"enemies":"3 Cultists","floor":27,"turns":3},{"damage":18,"enemies":"Sentry and Sphere","floor":28,"turns":4}],"seed_played":"6348866914002222159","potions_obtained":[{"floor":5,"key":"Fruit Juice"},{"floor":10,"key":"SteroidPotion"},{"floor":12,"key":"Weak Potion"},{"floor":14,"key":"Energy Potion"},{"floor":16,"key":"Dexterity Potion"},{"floor":21,"key":"SteroidPotion"},{"floor":25,"key":"Swift Potion"},{"floor":27,"key":"DuplicationPotion"}],"is_trial":false,"path_per_floor":["M","M","M","?","M","M","E","R","T","M","E","M","R","M","R","B",null,"M","?","?","M","$","E","R","M","T","M","M"],"character_chosen":"WATCHER","basemod:card_modifiers":[null,null,null,null,null,null,null,null,null,null,null,null,null,null,null,null,null,null,null,null,null,null,null,null],"items_purchased":["Wireheading"],"campfire_rested":2,"item_purchase_floors":[22],"current_hp_per_floor":[61,59,57,57,55,30,24,24,24,18,10,10,31,11,11,11,58,53,53,53,49,49,11,32,9,9,9,0],"gold":310,"neow_bonus":"TRANSFORM_CARD","is_prod":false,"is_daily":false,"chose_seed":false,"campfire_upgraded":1,"win_rate":0,"timestamp":1698505812,"path_taken":["M","M","M","?","M","M","E","R","T","?","E","M","R","M","R","BOSS","M","?","?","M","$","E","R","M","T","M","M"],"build_version":"2022-12-01","purchased_purges":1,"victory":false,"max_hp_per_floor":[68,68,68,68,68,68,73,73,73,73,73,73,73,73,73,73,73,73,73,73,73,73,73,73,73,73,73,73],"card_choices":[{"not_picked":["ClearTheMind","PathToVictory"],"picked":"Consecrate","floor":1},{"not_picked":["Swivel","Consecrate"],"picked":"FlurryOfBlows","floor":2},{"not_picked":["Halt","PathToVictory","FollowUp"],"picked":"SKIP","floor":3},{"not_picked":["FollowUp","ThirdEye","MentalFortress"],"picked":"SKIP","floor":5},{"not_picked":["Weave","Worship"],"picked":"ForeignInfluence","floor":6},{"not_picked":["Evaluate","SandsOfTime","CrushJoints"],"picked":"SKIP","floor":7},{"not_picked":["BattleHymn","ThirdEye"],"picked":"Crescendo","floor":10},{"not_picked":["Devotion","Collect"],"picked":"BattleHymn","floor":11},{"not_picked":["EmptyFist","ReachHeaven","CrushJoints"],"picked":"SKIP","floor":12},{"not_picked":["DeceiveReality","SashWhip"],"picked":"CutThroughFate","floor":14},{"not_picked":["Scrawl","Ragnarok"],"picked":"Vault","floor":16},{"not_picked":["ClearTheMind","FlyingSleeves"],"picked":"ThirdEye","floor":18},{"not_picked":["EmptyFist+1","Prostrate"],"picked":"WheelKick","floor":21},{"not_picked":["Study","FollowUp"],"picked":"FearNoEvil","floor":23},{"not_picked":["ClearTheMind","SpiritShield"],"picked":"Prostrate","floor":25},{"not_picked":["ThirdEye+1","WreathOfFlame"],"picked":"TalkToTheHand","floor":27}],"player_experience":203316,"relics_obtained":[{"floor":7,"key":"Lantern"},{"floor":9,"key":"Girya"},{"floor":11,"key":"Gambling Chip"},{"floor":23,"key":"Torii"}],"event_choices":[{"damage_healed":0,"gold_gain":0,"player_choice":"Rummage","damage_taken":0,"relics_obtained":["WarpedTongs"],"max_hp_gain":0,"max_hp_loss":0,"event_name":"Accursed Blacksmith","floor":4,"gold_loss":0,"cards_obtained":["Pain"]},{"damage_healed":0,"gold_gain":0,"player_choice":"Ignored","damage_taken":0,"max_hp_gain":0,"max_hp_loss":0,"event_name":"The Mausoleum","floor":19,"gold_loss":0},{"damage_healed":0,"gold_gain":0,"player_choice":"Ignored","damage_taken":0,"max_hp_gain":0,"max_hp_loss":0,"event_name":"Cursed Tome","floor":20,"gold_loss":0}],"is_beta":false,"boss_relics":[{"not_picked":["SacredBark","Runic Dome"],"picked":"HolyWater"}],"items_purged_floors":[22],"is_endless":false,"potions_floor_spawned":[5,10,12,14,16,21,25,27],"killed_by":"Sentry and Sphere","ascension_level":20}