{"gold_per_floor":[110,128,148,148,298,298,144,176,176,176,204,204,204,221,221,296,296,308,327,327,327,147,147,179,179,179,179,205,217,12,29,29,101,101,116,6,26,46,57,89,89,109,109,109,109,141,141,170,170,170],"floor_reached":50,"playtime":4282,"items_purged":["Doubt","Defend_P","Defend_P"],"score":1252,"play_id":"f128c968-6f9d-45c7-80af-84f34b1c2887","local_time":"20231028022829","is_ascension_mode":true,"campfire_choices":[{"data":"Eruption","floor":6.0,"key":"SMITH"},{"data":"Wallop","floor":10.0,"key":"SMITH"},{"data":"Meditate","floor":12.0,"key":"SMITH"},{"floor":15.0,"key":"REST"},{"floor":23.0,"key":"REST"},{"data":"Collect","floor":25.0,"key":"SMITH"},{"floor":27.0,"key":"REST"},{"floor":32.0,"key":"REST"},{"data":"InnerPeace","floor":41,"key":"SMITH"},{"floor":45,"key":"RECALL"},{"data":"WheelKick","floor":49,"key":"SMITH"}],"neow_cost":"NONE","seed_source_timestamp":432837239567125,"circlet_count":0,"master_deck":["AscendersBane","Strike_P+1","Strike_P","Strike_P","Defend_P+1","Defend_P","Eruption+1","Vigilance+1","CarveReality","Meditate+1","BowlingBash","Wallop+1","Wireheading+1","Collect+1","Devotion+1","Prostrate+1","Prostrate","WheelKick+1","Wireheading+1","Sanctity","InnerPeace+1","SpiritShield","Establishment+1","Secret Technique"],"special_seed":0,"relics":["SlaversCollar","Frozen Egg 2","Akabeko","War Paint","Runic Pyramid","Enchiridion","Meat on the Bone","Mercury Hourglass","Matryoshka","VioletLotus","PreservedInsect","Happy Flower","Toxic Egg 2","Singing Bowl"],"potions_floor_usage":[42,48],"damage_taken":[{"damage":2.0,"enemies":"Jaw Worm","floor":1.0,"turns":3.0},{"damage":3.0,"enemies":"2 Louse","floor":2.0,"turns":2.0},{"damage":17.0,"enemies":"Small Slimes","floor":3.0,"turns":5.0},{"damage":5.0,"enemies":"Lagavulin","floor":8.0,"turns":5.0},{"damage":0.0,"enemies":"Gremlin Nob","floor":11.0,"turns":2.0},{"damage":16.0,"enemies":"Exordium Wildlife","floor":14.0,"turns":2.0},{"damage":29.0,"enemies":"The Guardian","floor":16.0,"turns":9.0},{"damage":23.0,"enemies":"2 Thieves","floor":18.0,"turns":3.0},{"damage":0.0,"enemies":"Spheric Guardian","floor":19.0,"turns":3.0},{"damage":32.0,"enemies":"Book of Stabbing","floor":24.0,"turns":5.0},{"damage":20.0,"enemies":"Slavers","floor":28.0,"turns":2.0},{"damage":14.0,"enemies":"Centurion and Healer","floor":29.0,"turns":4.0},{"damage":28.0,"enemies":"Snecko","floor":31.0,"turns":5.0},{"damage":1.0,"enemies":"Collector","floor":33.0,"turns":6.0},{"damage":2.0,"enemies":"3 Shapes","floor":35.0,"turns":4.0},{"damage":8.0,"enemies":"Orb Walker","floor":37.0,"turns":2.0},{"damage":23.0,"enemies":"Jaw Worm Horde","floor":38.0,"turns":3.0},{"damage":8,"enemies":"Writhing Mass","floor":39,"turns":5},{"damage":16,"enemies":"Nemesis","floor":40,"turns":5},{"damage":12,"enemies":"4 Shapes","floor":42,"turns":4},{"damage":0,"enemies":"Giant Head","floor":46,"turns":6},{"damage":28,"enemies":"Reptomancer","floor":48,"turns":3},{"damage":79,"enemies":"Time Eater","floor":50,"turns":7}],"seed_played":"3522376347290719180","potions_obtained":[{"floor":1.0,"key":"BlessingOfTheForge"},{"floor":2.0,"key":"PowerPotion"},{"floor":16.0,"key":"DistilledChaos"},{"floor":18.0,"key":"Ancient Potion"},{"floor":24.0,"key":"Fire Potion"},{"floor":29.0,"key":"Regen Potion"},{"floor":31.0,"key":"LiquidMemories"},{"floor":39,"key":"FairyPotion"},{"floor":42,"key":"Fire Potion"},{"floor":48,"key":"PowerPotion"}],"is_trial":false,"path_per_floor":["M","M","M","?","?","R","$","E","T","R","E","R","?","M","R","B",null,"M","M","?","?","$","R","E","R","T","R","E","M","$","M","R","B",null,"M","?","M","M","M","E","R","M","T","?","R","E","?","E","R","B"],"character_chosen":"WATCHER","basemod:card_modifiers":[null,null,null,null,null,null,null,null,null,null,null,null,null,null,null,null,null,null,null,null,null,null,null,null],"items_purchased":["Wallop","Regen Potion","InnerPeace"],"campfire_rested":4,"item_purchase_floors":[7,22,30],"current_hp_per_floor":[59,56,39,44,44,44,44,39,39,39,39,39,28,12,33,4,56,33,33,33,12,12,33,15,15,15,36,28,26,26,24,45,44,66,64,64,56,45,37,33,33,33,33,33,33,45,45,31,31,0],"gold":170,"neow_bonus":"BOSS_RELIC","is_prod":false,"is_daily":false,"chose_seed":false,"campfire_upgraded":6,"win_rate":0,"timestamp":1698474509,"path_taken":["M","M","M","?","?","R","$","E","T","R","E","R","?","M","R","BOSS","M","M","?","?","$","R","E","R","T","R","E","M","?","M","R","BOSS","M","?","?","?","M","E","R","M","T","?","R","E","?","E","R","BOSS"],"build_version":"2022-12-01","purchased_purges":3,"victory":false,"max_hp_per_floor":[68,68,68,73,73,73,73,73,73,73,73,73,73,73,73,73,73,73,73,73,73,73,73,73,73,73,73,73,73,73,73,73,73,73,73,73,73,73,73,73,73,73,73,73,73,73,73,75,75,75],"card_choices":[{"not_picked":["WindmillStrike","Prostrate"],"picked":"CarveReality","floor":1.0},{"not_picked":["SashWhip","ForeignInfluence"],"picked":"Meditate","floor":2.0},{"not_picked":["FearNoEvil","JustLucky"],"picked":"BowlingBash","floor":3.0},{"not_picked":["FearNoEvil","Omniscience"],"picked":"Wireheading+1","floor":8.0},{"not_picked":["EmptyFist","Judgement"],"picked":"Collect","floor":11.0},{"not_picked":["Conclude","EmptyFist","FollowUp"],"picked":"SKIP","floor":14.0},{"not_picked":["Alpha","Ragnarok"],"picked":"Devotion+1","floor":16.0},{"not_picked":["CrushJoints","EmptyFist"],"picked":"Prostrate+1","floor":18.0},{"not_picked":["Study+1","WaveOfTheHand","Protect+1"],"picked":"SKIP","floor":19.0},{"not_picked":["Nirvana+1","ForeignInfluence"],"picked":"WheelKick","floor":24.0},{"not_picked":["Swivel","Wireheading+1","SignatureMove"],"picked":"SKIP","floor":28.0},{"not_picked":["Swivel","SignatureMove"],"picked":"Wireheading+1","floor":28.0},{"not_picked":["CrushJoints","FollowUp"],"picked":"Sanctity","floor":29.0},{"not_picked":["Evaluate","WindmillStrike","ForeignInfluence+1"],"picked":"SKIP","floor":31.0},{"not_picked":["Brilliance","MasterReality+1"],"picked":"SpiritShield","floor":33.0},{"not_picked":["BowlingBash","InnerPeace","Halt"],"picked":"SKIP","floor":35.0},{"not_picked":["FearNoEvil+1","Evaluate","DeceiveReality+1"],"picked":"SKIP","floor":37.0},{"not_picked":["PathToVictory+1","JustLucky","Weave"],"picked":"SKIP","floor":38.0},{"not_picked":["Pray","PathToVictory+1","WindmillStrike"],"picked":"SKIP","floor":39},{"not_picked":["BowlingBash","Vengeance+1","Prostrate"],"picked":"SKIP","floor":40},{"not_picked":["ThirdEye","Vengeance"],"picked":"Establishment+1","floor":42},{"not_picked":["HandOfGreed","Impatience"],"picked":"Secret Technique","floor":44},{"not_picked":["InnerPeace+1","CutThroughFate","DeusExMachina+1"],"picked":"SKIP","floor":46},{"not_picked":["JustLucky","FlurryOfBlows","WindmillStrike"],"picked":"Singing Bowl","floor":48}],"player_experience":199034,"relics_obtained":[{"floor":8.0,"key":"Frozen Egg 2"},{"floor":9.0,"key":"Akabeko"},{"floor":11.0,"key":"War Paint"},{"floor":21.0,"key":"Enchiridion"},{"floor":24.0,"key":"Meat on the Bone"},{"floor":26.0,"key":"Mercury Hourglass"},{"floor":28.0,"key":"Matryoshka"},{"floor":40,"key":"PreservedInsect"},{"floor":43,"key":"Happy Flower"},{"floor":46,"key":"Toxic Egg 2"},{"floor":48,"key":"Singing Bowl"}],"event_choices":[{"damage_healed":0.0,"max_hp_gain":5.0,"max_hp_loss":0.0,"gold_gain":0.0,"event_name":"Big Fish","player_choice":"Donut","floor":4.0,"gold_loss":0.0,"damage_taken":0.0},{"damage_healed":0.0,"max_hp_gain":0.0,"max_hp_loss":0.0,"gold_gain":150.0,"event_name":"Liars Game","player_choice":"AGREE","floor":5.0,"gold_loss":0.0,"damage_taken":0.0,"cards_obtained":["Doubt"]},{"damage_healed":0.0,"max_hp_gain":0.0,"max_hp_loss":0.0,"gold_gain":0.0,"event_name":"Scrap Ooze","player_choice":"Fled","floor":13.0,"gold_loss":0.0,"damage_taken":11.0},{"damage_healed":0.0,"max_hp_gain":0.0,"max_hp_loss":0.0,"gold_gain":0.0,"event_name":"The Library","player_choice":"Read","floor":20.0,"gold_loss":0.0,"damage_taken":0.0,"cards_obtained":["Prostrate"]},{"damage_healed":0.0,"max_hp_gain":0.0,"max_hp_loss":0.0,"gold_gain":0.0,"event_name":"Cursed Tome","player_choice":"Obtained Book","floor":21.0,"gold_loss":0.0,"damage_taken":21.0},{"cards_removed":["Strike_P"],"damage_healed":0.0,"max_hp_gain":0.0,"max_hp_loss":0.0,"gold_gain":0.0,"event_name":"Designer","player_choice":"Upgrade and Remove","floor":36.0,"gold_loss":110.0,"damage_taken":0.0,"cards_upgraded":["Strike_P"]},{"damage_healed":0,"gold_gain":0,"player_choice":"Memory 1","damage_taken":0,"max_hp_gain":0,"max_hp_loss":0,"event_name":"SensoryStone","floor":44,"gold_loss":0},{"damage_healed":0,"gold_gain":0,"player_choice":"Ignored","damage_taken":0,"max_hp_gain":0,"max_hp_loss":0,"event_name":"Tomb of Lord Red Mask","floor":47,"gold_loss":0}],"is_beta":false,"boss_relics":[{"not_picked":["Tiny House","Empty Cage"],"picked":"Runic Pyramid"},{"not_picked":["Calling Bell","Black Star"],"picked":"VioletLotus"}],"items_purged_floors":[7,22,30],"is_endless":false,"potions_floor_spawned":[1,2,16,18,24,29,31,39,40,42,48],"killed_by":"Time Eater","ascension_level":20}