{"gold_per_floor":[113,129,140,154,134,134,167,179,204,236,251,263,278,293,293,365,365,377,377,302,302,39,64,64,82,82,82,32,32,32],"floor_reached":30,"playtime":2101,"items_purged":["Strike_P","Defend_P"],"score":674,"play_id":"9dd46222-d8ff-4a5b-b902-f858e60c7edc","local_time":"20231031131004","score_breakdown":["Floors Climbed (30): 150","Enemies Slain (11): 22","Exordium Elites Killed (2): 20","City Elites Killed (1): 20","Bosses Slain (1): 50","Champion (1): 25","Perfect (1): 50","Ascension (20): 337"],"is_ascension_mode":true,"campfire_choices":[{"data":"Eruption","floor":6.0,"key":"SMITH"},{"floor":15.0,"key":"REST"},{"data":"Meditate","floor":27,"key":"SMITH"},{"floor":29,"key":"REST"}],"neow_cost":"NONE","improvable_cards":{},"seed_source_timestamp":0,"circlet_count":0,"master_deck":["AscendersBane","Strike_P","Strike_P","Eruption+1","Vigilance","ThirdEye","BattleHymn","BowlingBash","EmptyMind","FlurryOfBlows","CrushJoints","Adaptation","Wallop","Ragnarok+1","Protect+1","Vengeance+1","Perseverance+1","Halt","Wireheading","Meditate+1","Prostrate","Swivel","LessonLearned","EmptyMind"],"special_seed":0,"relics":["PureWater","Smiling Mask","Akabeko","Astrolabe","MutagenicStrength","Orrery","Potion Belt","Question Card"],"potions_floor_usage":[23,30],"damage_taken":[{"damage":0.0,"enemies":"Cultist","floor":1.0,"turns":3.0},{"damage":2.0,"enemies":"2 Louse","floor":2.0,"turns":3.0},{"damage":0.0,"enemies":"Small Slimes","floor":3.0,"turns":2.0},{"damage":12.0,"enemies":"Blue Slaver","floor":4.0,"turns":6.0},{"damage":20.0,"enemies":"3 Sentries","floor":7.0,"turns":7.0},{"damage":4.0,"enemies":"Looter","floor":8.0,"turns":3.0},{"damage":0.0,"enemies":"Lagavulin","floor":10.0,"turns":2.0},{"damage":9.0,"enemies":"2 Fungi Beasts","floor":11.0,"turns":2.0},{"damage":5.0,"enemies":"Lots of Slimes","floor":12.0,"turns":4.0},{"damage":0.0,"enemies":"Looter","floor":13.0,"turns":2.0},{"damage":0.0,"enemies":"2 Fungi Beasts","floor":14.0,"turns":3.0},{"damage":0.0,"enemies":"Slime Boss","floor":16.0,"turns":6.0},{"damage":17.0,"enemies":"3 Byrds","floor":18.0,"turns":6.0},{"damage":19,"enemies":"Slavers","floor":23,"turns":5},{"damage":6,"enemies":"Shell Parasite","floor":25,"turns":3},{"damage":42,"enemies":"Book of Stabbing","floor":30,"turns":4}],"seed_played":"-2561241055060875113","potions_obtained":[{"floor":3.0,"key":"SkillPotion"},{"floor":4.0,"key":"SteroidPotion"},{"floor":5.0,"key":"DuplicationPotion"},{"floor":10.0,"key":"PowerPotion"},{"floor":13.0,"key":"GamblersBrew"},{"floor":16.0,"key":"BottledMiracle"},{"floor":18.0,"key":"SneckoOil"}],"is_trial":false,"path_per_floor":["M","M","M","M","?","R","E","M","T","E","M","M","M","M","R","B",null,"M","?","?","?","$","E","?","M","T","R","$","R","E"],"character_chosen":"WATCHER","basemod:card_modifiers":[null,null,null,null,null,null,null,null,null,null,null,null,null,null,null,null,null,null,null,null,null,null,null,null],"items_purchased":["Wireheading","Orrery"],"campfire_rested":2,"item_purchase_floors":[22,22],"current_hp_per_floor":[61,59,59,47,47,47,27,23,23,23,14,9,9,9,29,29,58,41,41,41,41,41,22,22,16,16,16,16,36,0],"gold":32,"neow_bonus":"THREE_CARDS","is_prod":false,"is_daily":false,"chose_seed":false,"campfire_upgraded":2,"win_rate":0,"timestamp":1698772204,"path_taken":["M","M","?","M","?","R","E","M","T","E","?","M","M","M","R","BOSS","M","?","?","?","$","E","?","M","T","R","$","R","E"],"build_version":"2022-12-01","purchased_purges":2,"victory":false,"max_hp_per_floor":[68,68,68,68,68,68,68,68,68,68,68,68,68,68,68,68,68,68,68,68,68,68,68,68,68,68,68,68,68,68],"relic_stats":{"counters":[4,18],"Astrolabe":[],"PureWater":[3],"Smiling Mask":75,"Question Card":0,"obtain_stats":[{"Potion Belt":23,"Astrolabe":0,"MutagenicStrength":19,"Orrery":22,"PureWater":0,"Smiling Mask":0,"Question Card":26,"Akabeko":0},{"Potion Belt":2,"Astrolabe":0,"MutagenicStrength":1,"Orrery":1,"PureWater":0,"Smiling Mask":0,"Question Card":3,"Akabeko":0},{"Potion Belt":11,"Astrolabe":0,"MutagenicStrength":6,"Orrery":6,"PureWater":0,"Smiling Mask":0,"Question Card":14,"Akabeko":0}]},"card_choices":[{"not_picked":["Perseverance","Evaluate"],"picked":"ThirdEye","floor":0.0},{"not_picked":["Evaluate","ClearTheMind"],"picked":"BattleHymn","floor":1.0},{"not_picked":["Evaluate","ClearTheMind"],"picked":"BowlingBash","floor":2.0},{"not_picked":["ClearTheMind","Fasting2"],"picked":"EmptyMind","floor":3.0},{"not_picked":["JustLucky","ThirdEye","Alpha"],"picked":"SKIP","floor":4.0},{"not_picked":["Conclude","Consecrate"],"picked":"FlurryOfBlows","floor":7.0},{"not_picked":["Consecrate","EmptyFist"],"picked":"CrushJoints","floor":8.0},{"not_picked":["Pray","Nirvana","FollowUp"],"picked":"SKIP","floor":10.0},{"not_picked":["ReachHeaven","Consecrate","EmptyFist"],"picked":"SKIP","floor":11.0},{"not_picked":["Vengeance","PathToVictory","Worship"],"picked":"SKIP","floor":12.0},{"not_picked":["Fasting2","Evaluate"],"picked":"Adaptation","floor":13.0},{"not_picked":["Swivel","WindmillStrike"],"picked":"Wallop","floor":14.0},{"not_picked":["DevaForm","Brilliance"],"picked":"Ragnarok","floor":16.0},{"not_picked":["EmptyFist","BattleHymn+1"],"picked":"Halt","floor":18.0},{"not_picked":["Evaluate","SashWhip"],"picked":"Meditate","floor":22.0},{"not_picked":["Evaluate","Judgement"],"picked":"Prostrate","floor":22.0},{"not_picked":["Wallop","Nirvana"],"picked":"Swivel","floor":22.0},{"not_picked":["ThirdEye","Vengeance","BattleHymn"],"picked":"SKIP","floor":22.0},{"not_picked":["EmptyFist","ThirdEye","Wallop"],"picked":"SKIP","floor":22.0},{"not_picked":["Nirvana","ClearTheMind+1"],"picked":"LessonLearned","floor":23},{"not_picked":["BattleHymn","SashWhip"],"picked":"EmptyMind","floor":25}],"player_experience":207492,"relics_obtained":[{"floor":7.0,"key":"Smiling Mask"},{"floor":10.0,"key":"Akabeko"},{"floor":23,"key":"Potion Belt"},{"floor":26,"key":"Question Card"}],"event_choices":[{"damage_healed":0.0,"max_hp_gain":0.0,"max_hp_loss":0.0,"gold_gain":0.0,"event_name":"The Woman in Blue","player_choice":"Bought 1 Potion","floor":5.0,"gold_loss":0.0,"damage_taken":0.0},{"damage_healed":0.0,"max_hp_gain":0.0,"max_hp_loss":0.0,"gold_gain":0.0,"event_name":"Drug Dealer","player_choice":"Inject Mutagens","floor":19.0,"gold_loss":0.0,"damage_taken":0.0,"relics_obtained":["MutagenicStrength"]},{"cards_removed":["Defend_P"],"damage_healed":0.0,"max_hp_gain":0.0,"max_hp_loss":0.0,"gold_gain":0.0,"event_name":"Beggar","player_choice":"Gave Gold","floor":20.0,"gold_loss":75.0,"damage_taken":0.0},{"damage_healed":0.0,"max_hp_gain":0.0,"max_hp_loss":0.0,"gold_gain":0.0,"event_name":"Vampires","player_choice":"Ignored","floor":21.0,"gold_loss":0.0,"damage_taken":0.0},{"damage_healed":0,"gold_gain":0,"player_choice":"Upgraded","damage_taken":0,"max_hp_gain":0,"max_hp_loss":0,"event_name":"Upgrade Shrine","floor":24,"gold_loss":0,"cards_upgraded":["Ragnarok"]}],"is_beta":false,"boss_relics":[{"not_picked":["Ectoplasm","Velvet Choker"],"picked":"Astrolabe"}],"items_purged_floors":[22,28],"is_endless":false,"potions_floor_spawned":[3,4,10,12,13,16,18],"killed_by":"Book of Stabbing","ascension_level":20}