{"neow_bonuses_skipped_log":["RANDOM_COLORLESS","THREE_SMALL_POTIONS","TRANSFORM_TWO_CARDS"],"neow_costs_skipped_log":["NONE","NONE","CURSE"],"potions_obtained_entropic_brew":[[],[],[],[],[],[],[],[],[],[],[],[],[],[],[],[],[],[],[],[],[],[],[],[],[],[],[],[],[],[],[],[],[],[],[],[],[],[],[],[],[],[],[],[],[],[],[],[],[],[],[],[],[],[],[],[],[]],"gold_per_floor":[110,127,145,145,158,158,192,211,211,211,211,225,225,238,238,312,312,326,74,74,74,74,106,118,151,151,164,33,33,66,80,80,159,159,169,182,207,38,50,50,77,77,100,135,148,148,162,162,162,162,162,162,162,6,41,41],"floor_reached":57,"playtime":8498,"items_purged":["DeceiveReality","Consecrate"],"score":3404,"play_id":"8408a52e-5ec0-496a-a378-9c43ccca1e36","local_time":"20231104005952","score_breakdown":["Floors Climbed (57): 285","Enemies Slain (16): 32","Exordium Elites Killed (1): 10","City Elites Killed (2): 40","Beyond Elites Killed (2): 60","Bosses Slain (5): 750","Champion (6): 150","Beyond Perfect: 200","Overkill: 25","C-c-c-combo: 25","Ascension (20): 1577","Heartbreaker: 250"],"is_ascension_mode":true,"potions_obtained_alchemize":[[],[],[],[],[],[],[],[],[],[],[],[],[],[],[],[],[],[],[],[],[],[],[],[],[],[],[],[],[],[],[],[],[],[],[],[],[],[],[],[],[],[],[],[],[],[],[],[],[],[],[],[],[],[],[],[],[]],"campfire_choices":[{"data":"Eruption","floor":6.0,"key":"SMITH"},{"data":"Vault","floor":11.0,"key":"SMITH"},{"data":"EmptyMind","floor":13.0,"key":"SMITH"},{"data":"ClearTheMind","floor":15.0,"key":"SMITH"},{"data":"Scrawl","floor":29.0,"key":"SMITH"},{"data":"1","floor":32.0,"key":"LIFT"},{"data":"2","floor":40,"key":"LIFT"},{"data":"Adaptation","floor":42,"key":"SMITH"},{"floor":46,"key":"RECALL"},{"data":"ThirdEye","floor":49,"key":"SMITH"},{"data":"MentalFortress","floor":53,"key":"SMITH"}],"lesson_learned_per_floor":[[],[],[],[],[],[],[],[],[],[],[],[],[],[],[],[],[],[],[],[],[],[],[],[],[],[],[],[],[],[],[],[],[],[],[],[],[],[],[],[],[],[],[],[],[],[],[],[],[],[],[],[],[],[],[],[],[]],"neow_cost":"NONE","improvable_cards":{},"seed_source_timestamp":0,"shop_contents":[{"floor":19,"relics":["Turnip","MealTicket","Melange"],"cards":["FearNoEvil","FlyingSleeves","WaveOfTheHand","Evaluate","Secret Weapon"],"potions":["Weak Potion","Energy Potion","SkillPotion"]},{"floor":28,"relics":["Akabeko","Bronze Scales","Orrery"],"cards":["JustLucky","Wallop","Perseverance","BattleHymn","Sadistic Nature"],"potions":["BlessingOfTheForge","DuplicationPotion","Ambrosia"]},{"floor":38,"relics":["Centennial Puzzle","Calipers"],"cards":["BowlingBash","Ragnarok","Vengeance","ForeignInfluence","BattleHymn","Blind","Panache"],"potions":["Fire Potion","Ancient Potion","BottledMiracle"]},{"floor":54,"relics":["Yang","Vajra","HandDrill"],"cards":["Conclude","Brilliance","WaveOfTheHand","Indignation","Wireheading","Dramatic Entrance","Violence"],"potions":["LiquidMemories","BlessingOfTheForge"]}],"circlet_count":0,"master_deck":["AscendersBane","Eruption+1","Vigilance+1","ThirdEye+1","Vault+1","Worship","EmptyMind+1","Evaluate","ClearTheMind+1","JustLucky","CutThroughFate","FearNoEvil","Adaptation+1","Scrawl+1","MentalFortress+1","Madness+1","MentalFortress","Adaptation","WheelKick","Purity","Crescendo","Vault"],"special_seed":0,"potion_use_per_floor":[[],[],[],[],[],[],[],[],[],[],[],[],[],[],[],["Swift Potion"],[],[],[],[],[],[],["BottledMiracle"],[],["ColorlessPotion"],[],[],[],[],[],[],[],["PowerPotion"],[],[],["BottledMiracle"],[],[],[],[],[],[],[],[],[],[],[],[],[],[],[],[],[],[],[],["LiquidBronze","SpeedPotion","AttackPotion"],[]],"relics":["Pandora\u0027s Box","Kunai","Strawberry","Boot","SlaversCollar","MutagenicStrength","Shuriken","HornCleat","Red Mask","War Paint","Girya","VioletLotus","Medical Kit","Art of War","Potion Belt","Mercury Hourglass"],"potions_floor_usage":[56,56,56],"damage_taken":[{"damage":0.0,"enemies":"2 Louse","floor":1.0,"turns":6.0},{"damage":1.0,"enemies":"Jaw Worm","floor":2.0,"turns":7.0},{"damage":0.0,"enemies":"Cultist","floor":3.0,"turns":4.0},{"damage":4.0,"enemies":"Exordium Wildlife","floor":5.0,"turns":5.0},{"damage":0.0,"enemies":"Lagavulin","floor":7.0,"turns":5.0},{"damage":0.0,"enemies":"Blue Slaver","floor":8.0,"turns":4.0},{"damage":1.0,"enemies":"Looter","floor":12.0,"turns":3.0},{"damage":0.0,"enemies":"Exordium Wildlife","floor":14.0,"turns":3.0},{"damage":0.0,"enemies":"Slime Boss","floor":16.0,"turns":7.0},{"damage":0.0,"enemies":"3 Byrds","floor":18.0,"turns":4.0},{"damage":0.0,"enemies":"Gremlin Leader","floor":23.0,"turns":3.0},{"damage":0.0,"enemies":"Spheric Guardian","floor":24.0,"turns":3.0},{"damage":0.0,"enemies":"Masked Bandits","floor":25.0,"turns":3.0},{"damage":12.0,"enemies":"Shelled Parasite and Fungi","floor":27.0,"turns":4.0},{"damage":0.0,"enemies":"Book of Stabbing","floor":30.0,"turns":3.0},{"damage":15.0,"enemies":"Centurion and Healer","floor":31.0,"turns":5.0},{"damage":0.0,"enemies":"Collector","floor":33.0,"turns":6.0},{"damage":8.0,"enemies":"3 Darklings","floor":35.0,"turns":2.0},{"damage":2.0,"enemies":"3 Shapes","floor":36.0,"turns":4.0},{"damage":0.0,"enemies":"Mind Bloom Boss Battle","floor":37.0,"turns":4.0},{"damage":0,"enemies":"Spire Growth","floor":39,"turns":4},{"damage":0,"enemies":"Giant Head","floor":41,"turns":3},{"damage":0,"enemies":"Nemesis","floor":44,"turns":5},{"damage":3,"enemies":"Sphere and 2 Shapes","floor":45,"turns":4},{"damage":5,"enemies":"Jaw Worm Horde","floor":47,"turns":2},{"damage":0,"enemies":"Awakened One","floor":50,"turns":4},{"damage":0,"enemies":"Donu and Deca","floor":51,"turns":3},{"damage":0,"enemies":"Shield and Spear","floor":55,"turns":4},{"damage":47,"enemies":"The Heart","floor":56,"turns":8}],"green_key_taken_log":44,"seed_played":"418766608405559536","neow_bonus_log":{"cardsObtained":[],"cardsUpgraded":[],"cardsRemoved":[],"cardsTransformed":[],"relicsObtained":["Pandora\u0027s Box"],"maxHpGained":0,"goldGained":0,"damageTaken":0,"goldLost":0,"maxHpLost":0},"potions_obtained":[{"floor":2.0,"key":"Swift Potion"},{"floor":3.0,"key":"Dexterity Potion"},{"floor":7.0,"key":"BottledMiracle"},{"floor":14.0,"key":"BottledMiracle"},{"floor":16.0,"key":"BottledMiracle"},{"floor":24.0,"key":"ColorlessPotion"},{"floor":30.0,"key":"PowerPotion"},{"floor":33.0,"key":"LiquidBronze"},{"floor":37.0,"key":"AttackPotion"},{"floor":44,"key":"SpeedPotion"}],"is_trial":false,"path_per_floor":["M","M","M","?","M","R","E","M","T","?","R","M","R","M","R","B",null,"M","$","?","?","T","E","M","?","T","M","$","R","E","M","R","B",null,"M","M","?","$","M","R","E","R","T","E","M","R","M","?","R","B","B",null,"R","$","E","B",null],"character_chosen":"WATCHER","basemod:card_modifiers":[null,null,null,null,null,null,null,null,null,null,null,null,null,null,null,null,null,null,null,null,null,null],"items_purchased":["Madness","MentalFortress","Purity","Crescendo","Medical Kit","Energy Potion"],"campfire_rested":0,"item_purchase_floors":[19,19,28,28,38,54],"current_hp_per_floor":[61,60,60,60,56,56,56,56,63,63,63,62,62,62,62,62,72,72,72,72,72,72,72,72,72,72,60,60,60,60,45,45,45,68,60,58,58,58,58,58,58,58,58,58,55,55,50,50,50,50,50,66,66,66,66,19],"gold":41,"neow_bonus":"BOSS_RELIC","is_prod":false,"is_daily":false,"rewards_skipped":[{"floor":18,"relics":[],"potions":["Block Potion"]},{"floor":37,"relics":["Dead Branch"],"potions":[]},{"floor":39,"relics":[],"potions":["Explosive Potion"]}],"chose_seed":false,"campfire_upgraded":8,"win_rate":0,"floor_exit_playtime":[455,632,777,786,1072,1103,1345,1412,1476,1493,1536,1656,1725,1875,1946,2190,2365,2502,2580,2585,2669,2707,2840,3062,3263,3334,3528,3550,3572,3839,4532,4552,4875,4920,5057,5321,5560,5579,5804,5812,6019,6045,6048,6249,6429,6439,6591,6611,6647,7069,7283,7296,7351,7428,7690,8498],"timestamp":1699073992,"blue_key_relic_skipped_log":{"floor":43,"relicID":"Ancient Tea Set"},"path_taken":["M","M","M","?","M","R","E","M","T","?","R","M","R","?","R","BOSS","M","$","?","?","?","E","M","?","T","?","?","R","E","M","R","BOSS","M","M","?","$","M","R","E","R","T","E","M","R","M","?","R","BOSS","BOSS","R","$","E","BOSS"],"build_version":"2022-12-01","purchased_purges":2,"victory":true,"max_hp_per_floor":[68,68,68,68,68,68,68,68,75,75,75,75,75,75,75,75,75,75,75,75,75,75,75,75,75,75,75,75,75,75,75,75,75,75,75,75,75,75,75,75,75,75,75,75,75,75,75,71,71,71,71,71,71,71,71,71],"relic_stats":{"Girya":2,"counters":[29,122],"Shuriken":[90],"Pandora\u0027s Box":["ThirdEye","Vault","Worship","EmptyMind","Evaluate","ClearTheMind","JustLucky","DeceiveReality"],"VioletLotus":[144],"Art of War":[7],"Kunai":[100],"War Paint":["Madness","Vigilance"],"Boot":[56],"Medical Kit":[17],"obtain_stats":[{"Potion Belt":44,"Girya":30,"War Paint":26,"Boot":10,"Medical Kit":38,"Mercury Hourglass":55,"SlaversCollar":17,"HornCleat":23,"Shuriken":22,"Strawberry":9,"MutagenicStrength":21,"Pandora\u0027s Box":0,"VioletLotus":34,"Red Mask":25,"Art of War":41,"Kunai":7,"PureWater":0},{"Potion Belt":23,"Girya":15,"War Paint":13,"Boot":6,"Medical Kit":20,"Mercury Hourglass":28,"SlaversCollar":9,"HornCleat":11,"Shuriken":10,"Strawberry":6,"MutagenicStrength":10,"Pandora\u0027s Box":0,"VioletLotus":17,"Red Mask":13,"Art of War":22,"Kunai":5,"PureWater":0},{"Potion Belt":97,"Girya":64,"War Paint":57,"Boot":31,"Medical Kit":85,"Mercury Hourglass":114,"SlaversCollar":44,"HornCleat":51,"Shuriken":48,"Strawberry":31,"MutagenicStrength":48,"Pandora\u0027s Box":0,"VioletLotus":75,"Red Mask":57,"Art of War":92,"Kunai":27,"PureWater":0}],"Mercury Hourglass":[24]},"card_choices":[{"not_picked":["DeceiveReality","BowlingBash"],"picked":"CutThroughFate","floor":1.0},{"not_picked":["EmptyFist","CutThroughFate"],"picked":"FearNoEvil","floor":2.0},{"not_picked":["FearNoEvil","ForeignInfluence"],"picked":"Adaptation","floor":3.0},{"not_picked":["Swivel","SandsOfTime"],"picked":"Consecrate","floor":5.0},{"not_picked":["FlyingSleeves","WaveOfTheHand","DevaForm"],"picked":"SKIP","floor":7.0},{"not_picked":["CrushJoints","PathToVictory","BowlingBash"],"picked":"SKIP","floor":8.0},{"not_picked":["Halt","Consecrate","FlurryOfBlows"],"picked":"SKIP","floor":12.0},{"not_picked":["CutThroughFate","Weave","WheelKick"],"picked":"SKIP","floor":14.0},{"not_picked":["Omniscience","Judgement"],"picked":"Scrawl","floor":16.0},{"not_picked":["FlurryOfBlows","Adaptation"],"picked":"MentalFortress","floor":18.0},{"not_picked":["Prostrate","Brilliance"],"picked":"Adaptation","floor":23.0},{"not_picked":["Halt","Consecrate"],"picked":"WheelKick","floor":24.0},{"not_picked":["Swivel","JustLucky","CarveReality"],"picked":"SKIP","floor":25.0},{"not_picked":["FlyingSleeves","WindmillStrike","EmptyFist"],"picked":"SKIP","floor":27.0},{"not_picked":["Crescendo","BattleHymn+1","Adaptation+1"],"picked":"SKIP","floor":30.0},{"not_picked":["LikeWater","Prostrate","CutThroughFate"],"picked":"SKIP","floor":31.0},{"not_picked":["SpiritShield","Alpha"],"picked":"Vault","floor":33.0},{"not_picked":["CarveReality","FollowUp","LikeWater"],"picked":"SKIP","floor":35.0},{"not_picked":["WreathOfFlame","Tantrum","FollowUp"],"picked":"SKIP","floor":36.0},{"not_picked":["DeceiveReality+1","CrushJoints","BowlingBash"],"picked":"SKIP","floor":37.0},{"not_picked":["CutThroughFate","Crescendo","CarveReality+1"],"picked":"SKIP","floor":39},{"not_picked":["DeceiveReality","BowlingBash","ThirdEye"],"picked":"SKIP","floor":41},{"not_picked":["WaveOfTheHand","Protect","PathToVictory"],"picked":"SKIP","floor":44},{"not_picked":["Fasting2","Worship+1","Vengeance"],"picked":"SKIP","floor":45},{"not_picked":["SashWhip","EmptyFist","CutThroughFate+1"],"picked":"SKIP","floor":47},{"not_picked":["ReachHeaven","EmptyMind","Wireheading+1"],"picked":"SKIP","floor":55}],"player_experience":182779,"relics_obtained":[{"floor":7.0,"key":"Kunai"},{"floor":9.0,"key":"Strawberry"},{"floor":22.0,"key":"Shuriken"},{"floor":23.0,"key":"HornCleat"},{"floor":25.0,"key":"Red Mask"},{"floor":26.0,"key":"War Paint"},{"floor":30.0,"key":"Girya"},{"floor":41,"key":"Art of War"},{"floor":44,"key":"Potion Belt"},{"floor":55,"key":"Mercury Hourglass"}],"event_choices":[{"damage_healed":0.0,"max_hp_gain":0.0,"max_hp_loss":0.0,"gold_gain":0.0,"event_name":"Liars Game","player_choice":"Ignored","floor":4.0,"gold_loss":0.0,"damage_taken":0.0},{"damage_healed":0.0,"max_hp_gain":0.0,"max_hp_loss":0.0,"gold_gain":0.0,"event_name":"WeMeetAgain","player_choice":"Gave Potion","floor":10.0,"gold_loss":0.0,"damage_taken":0.0,"relics_obtained":["Boot"]},{"damage_healed":0.0,"max_hp_gain":0.0,"max_hp_loss":0.0,"gold_gain":0.0,"event_name":"The Mausoleum","player_choice":"Ignored","floor":20.0,"gold_loss":0.0,"damage_taken":0.0},{"damage_healed":0.0,"max_hp_gain":0.0,"max_hp_loss":0.0,"gold_gain":0.0,"event_name":"Drug Dealer","player_choice":"Inject Mutagens","floor":21.0,"gold_loss":0.0,"damage_taken":0.0,"relics_obtained":["MutagenicStrength"]},{"damage_healed":0.0,"max_hp_gain":0.0,"max_hp_loss":0.0,"gold_gain":0.0,"event_name":"Masked Bandits","player_choice":"Fought Bandits","floor":25.0,"gold_loss":0.0,"damage_taken":0.0},{"damage_healed":0.0,"max_hp_gain":0.0,"max_hp_loss":0.0,"gold_gain":0.0,"event_name":"MindBloom","player_choice":"Fight","floor":37.0,"gold_loss":0.0,"damage_taken":0.0},{"damage_healed":0,"gold_gain":0,"player_choice":"Max HP","damage_taken":0,"max_hp_gain":0,"max_hp_loss":4,"event_name":"Winding Halls","floor":48,"gold_loss":0}],"is_beta":false,"boss_relics":[{"not_picked":["Runic Dome","Tiny House"],"picked":"SlaversCollar"},{"not_picked":["Calling Bell","Cursed Key"],"picked":"VioletLotus"}],"items_purged_floors":[19,54],"is_endless":false,"potions_floor_spawned":[2,3,7,14,16,18,24,30,33,37,39,44],"ascension_level":20,"potion_discard_per_floor":[[],[],[],[],[],[],["Dexterity Potion"],[],[],[],[],[],[],[],[],[],[],[],[],[],[],[],[],[],[],[],[],[],[],[],[],[],[],[],[],[],[],[],[],[],[],[],[],[],[],[],[],[],[],[],[],[],[],[],[],[],[]]}