{"neow_bonuses_skipped_log":["TEN_PERCENT_HP_BONUS"],"neow_costs_skipped_log":["NONE"],"potions_obtained_entropic_brew":[[],[],[],[],[],[],[],[],[],[],[],[],[],[],[],[],[],[],[],[],[],[],[],[],[],[],[]],"gold_per_floor":[114,39,39,52,69,100,100,135,216,230,9,9,42,58,58,132,132,142,159,159,159,177,177,207,207,207,207],"floor_reached":27,"playtime":3055,"items_purged":[],"score":502,"play_id":"0a0246cb-9826-49f0-97a0-e42a5217b5c4","local_time":"20231214212210","score_breakdown":["Floors Climbed (27): 135","Enemies Slain (8): 16","Exordium Elites Killed (3): 30","City Elites Killed (1): 20","Bosses Slain (1): 50","Ascension (20): 251"],"is_ascension_mode":true,"potions_obtained_alchemize":[[],[],[],[],[],[],[],[],[],[],[],[],[],[],[],[],[],[],[],[],[],[],[],[],[],[],[]],"campfire_choices":[{"data":"Eruption","floor":7.0,"key":"SMITH"},{"floor":12.0,"key":"REST"},{"data":"ThirdEye","floor":15,"key":"SMITH"},{"floor":23,"key":"REST"},{"floor":25,"key":"REST"}],"lesson_learned_per_floor":[[],[],[],[],[],[],[],[],[],[],[],[],[],[],[],[],[],[],[],[],[],[],[],[],[],[],[]],"neow_cost":"NONE","improvable_cards":{},"seed_source_timestamp":140165583234583,"shop_contents":[{"floor":3,"relics":["Bronze Scales","CeramicFish","PrismaticShard"],"cards":["SignatureMove","Tantrum","Evaluate","Perseverance","Study","Deep Breath","Panache"],"potions":["BlessingOfTheForge","FearPotion","AttackPotion"]},{"floor":11,"relics":["Gremlin Horn","Lee\u0027s Waffle"],"cards":["ReachHeaven","FlyingSleeves","ClearTheMind","ForeignInfluence","Study","Enlightenment","Mayhem"],"potions":["Block Potion","Regen Potion"]}],"circlet_count":0,"master_deck":["AscendersBane","Strike_P","Defend_P","Eruption+1","Vigilance","FlurryOfBlows","ThirdEye+1","BowlingBash","CrushJoints","Adaptation","EmptyMind","Crescendo","TalkToTheHand+1","Fasting2+1","WreathOfFlame+1","Halt","ClearTheMind","Worship","SpiritShield","JustLucky","Prostrate"],"special_seed":0,"potion_use_per_floor":[[],[],[],[],[],["AttackPotion"],[],["SpeedPotion"],[],[],[],[],[],[],[],["FearPotion"],[],[],[],[],[],[],[],["Energy Potion"],[],[],["ColorlessPotion"]],"relics":["PureWater","NeowsBlessing","Omamori","Gambling Chip","Kunai","Bag of Preparation","Potion Belt","Astrolabe","Dream Catcher","Sundial"],"potions_floor_usage":[16,24,27],"damage_taken":[{"damage":0.0,"enemies":"Small Slimes","floor":1.0,"turns":2.0},{"damage":0.0,"enemies":"Jaw Worm","floor":4.0,"turns":1.0},{"damage":0.0,"enemies":"Cultist","floor":5.0,"turns":1.0},{"damage":8.0,"enemies":"Gremlin Nob","floor":6.0,"turns":3.0},{"damage":32.0,"enemies":"Lagavulin","floor":8.0,"turns":10.0},{"damage":0.0,"enemies":"Large Slime","floor":10.0,"turns":2.0},{"damage":13.0,"enemies":"3 Sentries","floor":13.0,"turns":6.0},{"damage":4,"enemies":"2 Fungi Beasts","floor":14,"turns":2},{"damage":18,"enemies":"The Guardian","floor":16,"turns":16},{"damage":40,"enemies":"Shell Parasite","floor":18,"turns":6},{"damage":0,"enemies":"3 Byrds","floor":19,"turns":6},{"damage":1,"enemies":"Centurion and Healer","floor":22,"turns":6},{"damage":38,"enemies":"Book of Stabbing","floor":24,"turns":7},{"damage":12,"enemies":"Slavers","floor":27,"turns":2}],"seed_played":"3568128481332868662","neow_bonus_log":{"cardsObtained":[],"cardsUpgraded":[],"cardsRemoved":[],"cardsTransformed":[],"relicsObtained":["NeowsBlessing"],"maxHpGained":0,"goldGained":0,"damageTaken":0,"goldLost":0,"maxHpLost":0},"potions_obtained":[{"floor":1.0,"key":"AttackPotion"},{"floor":4.0,"key":"SpeedPotion"},{"floor":18,"key":"Energy Potion"},{"floor":24,"key":"ColorlessPotion"}],"is_trial":false,"path_per_floor":["M","?","$","M","M","E","R","E","T","M","$","R","E","M","R","B",null,"M","M","?","?","M","R","E","R","T","E"],"character_chosen":"WATCHER","basemod:card_modifiers":[null,null,null,null,null,null,null,null,null,null,null,null,null,null,null,null,null,null,null,null,null],"items_purchased":["Bag of Preparation","FearPotion"],"campfire_rested":3,"item_purchase_floors":[11,11],"current_hp_per_floor":[61,61,61,61,61,53,53,21,21,21,21,41,28,24,24,6,53,13,13,13,27,26,46,8,28,28,16],"gold":207,"neow_bonus":"THREE_ENEMY_KILL","is_prod":false,"is_daily":false,"rewards_skipped":[{"floor":5,"relics":[],"potions":["SpeedPotion"]}],"chose_seed":false,"campfire_upgraded":2,"win_rate":0,"floor_exit_playtime":[82,92,100,108,124,264,280,506,509,549,593,617,854,957,980,1476,1832,2034,2280,2306,2311,2522,2617,2856,2885,2888],"timestamp":1702606930,"path_taken":["M","?","?","M","?","E","R","E","T","M","$","R","E","?","R","BOSS","M","M","?","?","M","R","E","R","T","E"],"build_version":"2022-12-01","purchased_purges":0,"victory":false,"max_hp_per_floor":[68,68,68,68,68,68,68,68,68,68,68,68,68,68,68,68,68,68,68,68,68,68,68,68,68,68,68],"relic_stats":{"Dream Catcher":1,"counters":[14,70],"Sundial":[0],"Gambling Chip":[25],"Astrolabe":["TalkToTheHand","Fasting2","WreathOfFlame"],"Omamori":0,"Bag of Preparation":[16],"Kunai":[26],"PureWater":[11],"obtain_stats":[{"Potion Belt":13,"Dream Catcher":24,"NeowsBlessing":0,"Sundial":26,"Gambling Chip":8,"Astrolabe":17,"Omamori":6,"Bag of Preparation":11,"Kunai":9,"PureWater":0},{"Potion Belt":7,"Dream Catcher":13,"NeowsBlessing":0,"Sundial":13,"Gambling Chip":5,"Astrolabe":9,"Omamori":4,"Bag of Preparation":6,"Kunai":5,"PureWater":0},{"Potion Belt":25,"Dream Catcher":68,"NeowsBlessing":0,"Sundial":68,"Gambling Chip":17,"Astrolabe":43,"Omamori":7,"Bag of Preparation":19,"Kunai":17,"PureWater":0}]},"card_choices":[{"not_picked":["Nirvana","ClearTheMind"],"picked":"FlurryOfBlows","floor":1.0},{"not_picked":["Protect","ClearTheMind"],"picked":"ThirdEye","floor":4.0},{"not_picked":["DeusExMachina","Meditate"],"picked":"BowlingBash","floor":5.0},{"not_picked":["FollowUp","Perseverance"],"picked":"CrushJoints","floor":6.0},{"not_picked":["ThirdEye","Sanctity"],"picked":"Adaptation","floor":8.0},{"not_picked":["JustLucky","SashWhip"],"picked":"EmptyMind","floor":10.0},{"not_picked":["Vengeance","Collect"],"picked":"Crescendo","floor":13.0},{"not_picked":["CrushJoints","Study","Protect"],"picked":"SKIP","floor":14},{"not_picked":["DevaForm","Blasphemy","Wish"],"picked":"SKIP","floor":16},{"not_picked":["FearNoEvil","Evaluate"],"picked":"Halt","floor":18},{"not_picked":["Adaptation","Vengeance"],"picked":"ClearTheMind","floor":19},{"not_picked":["LikeWater","MasterReality"],"picked":"JustLucky","floor":22},{"not_picked":["InnerPeace","Meditate"],"picked":"Prostrate","floor":24}],"player_experience":45690,"relics_obtained":[{"floor":6.0,"key":"Omamori"},{"floor":8.0,"key":"Gambling Chip"},{"floor":9.0,"key":"Kunai"},{"floor":13.0,"key":"Potion Belt"},{"floor":24,"key":"Dream Catcher"},{"floor":26,"key":"Sundial"}],"event_choices":[{"cards_removed":["Defend_P"],"damage_healed":0.0,"max_hp_gain":0.0,"max_hp_loss":0.0,"gold_gain":0.0,"event_name":"The Cleric","player_choice":"Card Removal","floor":2.0,"gold_loss":75.0,"damage_taken":0.0},{"damage_healed":0,"gold_gain":0,"cards_transformed":["Defend_P","Strike_P"],"player_choice":"Became Test Subject","damage_taken":0,"max_hp_gain":0,"max_hp_loss":0,"event_name":"Drug Dealer","floor":20,"gold_loss":0,"cards_obtained":["Worship","SpiritShield"]},{"damage_healed":14,"gold_gain":0,"player_choice":"Heal","damage_taken":0,"max_hp_gain":0,"max_hp_loss":0,"event_name":"The Library","floor":21,"gold_loss":0}],"is_beta":false,"boss_relics":[{"not_picked":["Busted Crown","Calling Bell"],"picked":"Astrolabe"}],"items_purged_floors":[],"is_endless":false,"potions_floor_spawned":[1,4,5,18,24],"killed_by":"Slavers","ascension_level":20,"potion_discard_per_floor":[[],[],[],[],[],[],[],[],[],[],[],[],[],[],[],[],[],[],[],[],[],[],[],[],[],[],[]]}