{"neow_bonuses_skipped_log":["THREE_CARDS","THREE_SMALL_POTIONS","REMOVE_TWO"],"neow_costs_skipped_log":["NONE","NONE","NO_GOLD"],"potions_obtained_entropic_brew":[[],[],[],[],[],[],["SkillPotion","Strength Potion"],[],[],[],[],[],[],[],[],[],[],[],[],[],[],[],[],[],[],[],[],[],[],[],[],[],[],[],[],[],[],[],[],[],[],[],[],[],[],[],[],[],[],[],[],[],[],[],[],[],[]],"gold_per_floor":[111,131,145,157,157,157,187,187,187,516,527,527,544,37,37,114,114,127,127,140,52,67,102,102,135,135,145,145,155,188,78,78,154,154,168,168,181,81,81,111,164,164,164,176,206,216,216,231,231,231,231,231,231,25,58,58],"floor_reached":57,"playtime":5430,"items_purged":["Defend_P","Strike_P","Consecrate+1"],"score":2914,"play_id":"61713252-09c3-4b2f-a085-0d0f0efa346d","local_time":"20231217162652","score_breakdown":["Floors Climbed (57): 285","Enemies Slain (16): 32","Exordium Elites Killed (2): 20","City Elites Killed (3): 60","Beyond Elites Killed (2): 60","Bosses Slain (5): 750","Champion (3): 75","Perfect (1): 50","Ascension (20): 1332","Heartbreaker: 250"],"is_ascension_mode":true,"potions_obtained_alchemize":[[],[],[],[],[],[],[],[],[],[],[],[],[],[],[],[],[],[],[],[],[],[],[],[],[],[],[],[],[],[],[],[],[],[],[],[],[],[],[],[],[],[],[],[],[],[],[],[],[],[],[],[],[],[],[],[],[]],"campfire_choices":[{"data":"Eruption","floor":6.0,"key":"SMITH"},{"data":"EmptyFist","floor":8.0,"key":"SMITH"},{"data":"EmptyMind","floor":12.0,"key":"SMITH"},{"data":"Wallop","floor":15.0,"key":"SMITH"},{"data":"Trip","floor":24.0,"key":"SMITH"},{"data":"Wireheading","floor":28.0,"key":"SMITH"},{"data":"Meditate","floor":32.0,"key":"SMITH"},{"data":"1","floor":42,"key":"LIFT"},{"data":"2","floor":47,"key":"LIFT"},{"floor":49,"key":"RECALL"},{"data":"3","floor":53,"key":"LIFT"}],"lesson_learned_per_floor":[[],[],[],[],[],[],[],[],[],[],[],[],[],[],[],[],[],[],[],[],[],[],[],[],[],[],[],[],[],[],[],[],[],[],[],[],[],[],[],[],[],[],[],[],[],[],[],[],[],[],[],[],[],[],[],[],[]],"neow_cost":"NONE","improvable_cards":{},"seed_source_timestamp":288057017956541,"shop_contents":[{"floor":14,"relics":["Orichalcum","WingedGreaves"],"cards":["Consecrate","SashWhip","Prostrate","Violence"],"potions":["SmokeBomb","Energy Potion","GamblersBrew"]},{"floor":21,"relics":["Art of War","TungstenRod","OrangePellets"],"cards":["ReachHeaven","ThirdEye","PathToVictory","Study","PanicButton","The Bomb"],"potions":["Fruit Juice","ColorlessPotion","PowerPotion"]},{"floor":38,"relics":["Pear","Ornamental Fan","DollysMirror"],"cards":["EmptyFist","FearNoEvil","Evaluate","Protect","Wireheading","Enlightenment","Metamorphosis"],"potions":["SpeedPotion","GamblersBrew","Dexterity Potion"]},{"floor":54,"relics":["Blood Vial","Nunchaku","Strange Spoon"],"cards":["Brilliance","LessonLearned","ThirdEye","Sanctity","Forethought","Master of Strategy"],"potions":["StancePotion","Regen Potion","Block Potion"]}],"circlet_count":0,"master_deck":["AscendersBane","Defend_P+1","Eruption+1","Vigilance+1","Crescendo","Wallop+1","EmptyFist+1","FlurryOfBlows","CutThroughFate+1","EmptyMind+1","Adaptation","Sanctity","Trip+1","CutThroughFate+1","WheelKick+1","FearNoEvil+1","Wireheading+1","Tantrum","MentalFortress","Meditate+1","Establishment","Violence","Dark Shackles","JustLucky","Nirvana","WaveOfTheHand"],"special_seed":0,"potion_use_per_floor":[[],[],[],[],[],[],["Energy Potion","EntropicBrew","SkillPotion"],[],[],[],[],[],[],[],[],[],[],[],[],[],[],[],["LiquidMemories"],[],["Strength Potion"],[],[],[],[],["AttackPotion"],[],[],[],[],["LiquidBronze"],[],[],[],[],[],["SteroidPotion"],[],[],[],[],[],[],[],[],[],[],[],[],[],["GamblersBrew"],["LiquidMemories"],[]],"relics":["Black Star","Ancient Tea Set","War Paint","Letter Opener","Happy Flower","Old Coin","Medical Kit","Astrolabe","Bronze Scales","Whetstone","Eternal Feather","Toy Ornithopter","Lizard Tail","Bottled Flame","Runic Pyramid","FossilizedHelix","Bag of Marbles","Girya","Sundial","Incense Burner","InkBottle","Pen Nib","Anchor"],"potions_floor_usage":[35,41,55,56],"damage_taken":[{"damage":5.0,"enemies":"2 Louse","floor":1.0,"turns":3.0},{"damage":0.0,"enemies":"Cultist","floor":2.0,"turns":3.0},{"damage":0.0,"enemies":"Small Slimes","floor":3.0,"turns":2.0},{"damage":7.0,"enemies":"2 Fungi Beasts","floor":4.0,"turns":4.0},{"damage":20.0,"enemies":"Lagavulin","floor":7.0,"turns":7.0},{"damage":6.0,"enemies":"Gremlin Nob","floor":10.0,"turns":3.0},{"damage":0.0,"enemies":"Large Slime","floor":11.0,"turns":2.0},{"damage":0.0,"enemies":"Blue Slaver","floor":13.0,"turns":2.0},{"damage":10.0,"enemies":"Hexaghost","floor":16.0,"turns":7.0},{"damage":6.0,"enemies":"Shell Parasite","floor":18.0,"turns":2.0},{"damage":0.0,"enemies":"3 Byrds","floor":20.0,"turns":3.0},{"damage":0.0,"enemies":"Snecko","floor":22.0,"turns":2.0},{"damage":0.0,"enemies":"Gremlin Leader","floor":23.0,"turns":4.0},{"damage":0.0,"enemies":"Book of Stabbing","floor":25.0,"turns":2.0},{"damage":23.0,"enemies":"Centurion and Healer","floor":27.0,"turns":5.0},{"damage":0.0,"enemies":"Shelled Parasite and Fungi","floor":29.0,"turns":2.0},{"damage":8.0,"enemies":"Slavers","floor":30.0,"turns":3.0},{"damage":17.0,"enemies":"Champ","floor":33.0,"turns":6.0},{"damage":0,"enemies":"Orb Walker","floor":35,"turns":2},{"damage":1,"enemies":"3 Darklings","floor":37,"turns":4},{"damage":17,"enemies":"Reptomancer","floor":40,"turns":7},{"damage":0,"enemies":"2 Orb Walkers","floor":41,"turns":1},{"damage":0,"enemies":"Jaw Worm Horde","floor":44,"turns":4},{"damage":0,"enemies":"Nemesis","floor":45,"turns":7},{"damage":0,"enemies":"4 Shapes","floor":46,"turns":2},{"damage":0,"enemies":"Sphere and 2 Shapes","floor":48,"turns":3},{"damage":0,"enemies":"Donu and Deca","floor":50,"turns":5},{"damage":2,"enemies":"Awakened One","floor":51,"turns":11},{"damage":9,"enemies":"Shield and Spear","floor":55,"turns":6},{"damage":43,"enemies":"The Heart","floor":56,"turns":9}],"green_key_taken_log":7,"seed_played":"-5942928347458189005","neow_bonus_log":{"cardsObtained":[],"cardsUpgraded":[],"cardsRemoved":[],"cardsTransformed":[],"relicsObtained":["Black Star"],"maxHpGained":0,"goldGained":0,"damageTaken":0,"goldLost":0,"maxHpLost":0},"potions_obtained":[{"floor":1.0,"key":"Energy Potion"},{"floor":4.0,"key":"EntropicBrew"},{"floor":10.0,"key":"PowerPotion"},{"floor":11.0,"key":"LiquidMemories"},{"floor":23.0,"key":"GamblersBrew"},{"floor":27.0,"key":"AttackPotion"},{"floor":30.0,"key":"LiquidBronze"},{"floor":35,"key":"SteroidPotion"},{"floor":41,"key":"FairyPotion"},{"floor":55,"key":"LiquidMemories"}],"is_trial":false,"path_per_floor":["M","M","M","M","?","R","E","R","T","E","M","R","M","$","R","B",null,"M","?","M","$","M","E","R","E","T","M","R","M","E","?","R","B",null,"M","?","M","$","?","E","?","R","T","M","E","M","R","M","R","B","B",null,"R","$","E","B",null],"character_chosen":"WATCHER","basemod:card_modifiers":[null,null,null,null,null,null,null,null,null,null,null,null,null,null,null,null,null,null,null,null,null,null,null,null,null,null],"items_purchased":["Medical Kit","Adaptation","Sanctity","Trip","FearNoEvil","Nirvana"],"campfire_rested":0,"item_purchase_floors":[14,14,14,14,21,54],"current_hp_per_floor":[56,56,56,49,54,54,34,34,34,28,28,28,28,28,28,18,59,53,53,53,53,53,53,53,53,53,30,42,42,39,39,51,34,63,68,58,57,57,57,40,45,60,60,60,60,60,73,73,73,73,71,73,73,73,69,31],"gold":58,"neow_bonus":"BOSS_RELIC","is_prod":false,"is_daily":false,"rewards_skipped":[{"floor":16,"relics":[],"potions":["EssenceOfSteel"]},{"floor":18,"relics":[],"potions":["Energy Potion"]},{"floor":45,"relics":[],"potions":["DistilledChaos"]},{"floor":46,"relics":[],"potions":["StancePotion"]}],"chose_seed":false,"campfire_upgraded":7,"win_rate":0,"floor_exit_playtime":[125,151,176,233,239,246,391,403,408,437,484,493,527,605,615,800,881,950,959,1062,1082,1152,1313,1333,1380,1386,1517,1528,1597,1803,1852,1861,2065,2203,2281,2369,2530,2552,2598,2941,2995,3010,3014,3142,3304,3374,3383,3532,3539,3818,4284,4298,4305,4405,4852,5430],"timestamp":1702848412,"blue_key_relic_skipped_log":{"floor":26,"relicID":"Juzu Bracelet"},"path_taken":["M","M","M","?","?","R","E","R","T","E","M","R","?","$","R","BOSS","M","?","M","$","M","E","R","E","T","M","R","M","E","?","R","BOSS","M","?","?","$","?","E","?","R","T","M","E","M","R","M","R","BOSS","BOSS","R","$","E","BOSS"],"build_version":"2022-12-01","purchased_purges":3,"victory":true,"max_hp_per_floor":[68,68,68,68,73,73,73,73,73,73,73,73,73,73,73,73,73,73,73,73,73,73,73,73,73,73,73,73,73,73,73,73,73,73,73,73,73,73,73,73,73,73,73,73,73,73,73,73,73,73,73,73,73,73,73,73],"relic_stats":{"Girya":3,"Happy Flower":[33],"counters":[30,123],"Astrolabe":["CutThroughFate","WheelKick","Consecrate"],"Eternal Feather":52,"Pen Nib":[2],"Letter Opener":[172],"Whetstone":["Strike_P","FearNoEvil"],"War Paint":["Defend_P","Vigilance"],"Ancient Tea Set":[20],"Medical Kit":[19],"Lizard Tail":0,"Bottled Flame":"Wallop","Sundial":[10],"Bronze Scales":[333],"Black Star":8,"obtain_stats":[{"Girya":41,"Happy Flower":10,"Astrolabe":17,"Eternal Feather":25,"Pen Nib":55,"Incense Burner":45,"Letter Opener":9,"Whetstone":23,"War Paint":7,"Ancient Tea Set":7,"Medical Kit":14,"Old Coin":10,"Lizard Tail":30,"Bottled Flame":30,"Anchor":55,"Sundial":43,"Bronze Scales":23,"Black Star":0,"Bag of Marbles":40,"PureWater":0,"Toy Ornithopter":25,"FossilizedHelix":40,"InkBottle":45,"Runic Pyramid":34},{"Girya":22,"Happy Flower":6,"Astrolabe":9,"Eternal Feather":14,"Pen Nib":29,"Incense Burner":24,"Letter Opener":5,"Whetstone":13,"War Paint":5,"Ancient Tea Set":5,"Medical Kit":8,"Old Coin":6,"Lizard Tail":17,"Bottled Flame":17,"Anchor":29,"Sundial":22,"Bronze Scales":13,"Black Star":0,"Bag of Marbles":21,"PureWater":0,"Toy Ornithopter":14,"FossilizedHelix":21,"InkBottle":24,"Runic Pyramid":18},{"Girya":76,"Happy Flower":22,"Astrolabe":33,"Eternal Feather":46,"Pen Nib":114,"Incense Burner":87,"Letter Opener":19,"Whetstone":44,"War Paint":19,"Ancient Tea Set":19,"Medical Kit":26,"Old Coin":22,"Lizard Tail":56,"Bottled Flame":56,"Anchor":114,"Sundial":76,"Bronze Scales":44,"Black Star":0,"Bag of Marbles":75,"PureWater":0,"Toy Ornithopter":46,"FossilizedHelix":75,"InkBottle":87,"Runic Pyramid":62}],"Toy Ornithopter":25,"FossilizedHelix":[240],"InkBottle":[21]},"card_choices":[{"not_picked":["ClearTheMind","Conclude"],"picked":"Crescendo","floor":1.0},{"not_picked":["FlurryOfBlows","EmptyMind"],"picked":"Wallop","floor":2.0},{"not_picked":["PathToVictory","ThirdEye"],"picked":"EmptyFist","floor":3.0},{"not_picked":["EmptyBody","Weave"],"picked":"FlurryOfBlows","floor":4.0},{"not_picked":["WreathOfFlame","Perseverance","CarveReality"],"picked":"SKIP","floor":7.0},{"not_picked":["PathToVictory","BattleHymn"],"picked":"CutThroughFate","floor":10.0},{"not_picked":["CrushJoints","ClearTheMind"],"picked":"EmptyMind","floor":11.0},{"not_picked":["Pray","SandsOfTime","Wallop"],"picked":"SKIP","floor":13.0},{"not_picked":["Alpha","Devotion","DevaForm"],"picked":"SKIP","floor":16.0},{"not_picked":["Evaluate","Fasting2+1","EmptyBody"],"picked":"SKIP","floor":18.0},{"not_picked":["FollowUp","WreathOfFlame","FlyingSleeves"],"picked":"SKIP","floor":20.0},{"not_picked":["EmptyBody","MentalFortress"],"picked":"Wireheading","floor":22.0},{"not_picked":["WheelKick","BattleHymn"],"picked":"Tantrum","floor":23.0},{"not_picked":["Pray","FollowUp","Consecrate"],"picked":"SKIP","floor":25.0},{"not_picked":["FlurryOfBlows","Halt"],"picked":"MentalFortress","floor":27.0},{"not_picked":["MasterReality","Tantrum+1","EmptyBody"],"picked":"SKIP","floor":29.0},{"not_picked":["Brilliance","Halt+1"],"picked":"Meditate","floor":30.0},{"not_picked":["MasterReality","Blasphemy"],"picked":"Establishment","floor":33.0},{"not_picked":["Crescendo","Collect","Evaluate"],"picked":"SKIP","floor":35},{"not_picked":["Crescendo","Collect","Evaluate"],"picked":"SKIP","floor":35},{"not_picked":["Secret Weapon","Swift Strike"],"picked":"Violence","floor":36},{"not_picked":["HandOfGreed","Magnetism"],"picked":"Dark Shackles","floor":36},{"not_picked":["Mind Blast","Discovery","The Bomb"],"picked":"SKIP","floor":36},{"not_picked":["Protect","CrushJoints","ClearTheMind"],"picked":"SKIP","floor":37},{"not_picked":["BowlingBash","Halt","SashWhip"],"picked":"SKIP","floor":40},{"not_picked":["FlyingSleeves","Vengeance","Halt"],"picked":"SKIP","floor":41},{"not_picked":["Crescendo+1","JustLucky","DevaForm"],"picked":"SKIP","floor":44},{"not_picked":["Swivel","Nirvana","Halt"],"picked":"SKIP","floor":45},{"not_picked":["EmptyFist","ForeignInfluence","CrushJoints+1"],"picked":"SKIP","floor":46},{"not_picked":["Halt","JustLucky+1","EmptyMind+1"],"picked":"SKIP","floor":48},{"not_picked":["Worship+1","Protect+1"],"picked":"WaveOfTheHand","floor":55}],"player_experience":57513,"relics_obtained":[{"floor":7.0,"key":"Ancient Tea Set"},{"floor":7.0,"key":"War Paint"},{"floor":9.0,"key":"Letter Opener"},{"floor":10.0,"key":"Happy Flower"},{"floor":10.0,"key":"Old Coin"},{"floor":23.0,"key":"Bronze Scales"},{"floor":23.0,"key":"Whetstone"},{"floor":25.0,"key":"Eternal Feather"},{"floor":25.0,"key":"Toy Ornithopter"},{"floor":30.0,"key":"Lizard Tail"},{"floor":30.0,"key":"Bottled Flame"},{"floor":40,"key":"FossilizedHelix"},{"floor":40,"key":"Bag of Marbles"},{"floor":41,"key":"Girya"},{"floor":43,"key":"Sundial"},{"floor":45,"key":"Incense Burner"},{"floor":45,"key":"InkBottle"},{"floor":55,"key":"Pen Nib"},{"floor":55,"key":"Anchor"}],"event_choices":[{"damage_healed":0.0,"max_hp_gain":5.0,"max_hp_loss":0.0,"gold_gain":0.0,"event_name":"Big Fish","player_choice":"Donut","floor":5.0,"gold_loss":0.0,"damage_taken":0.0},{"damage_healed":0.0,"max_hp_gain":0.0,"max_hp_loss":0.0,"gold_gain":0.0,"event_name":"Ghosts","player_choice":"Ignored","floor":19.0,"gold_loss":0.0,"damage_taken":0.0},{"cards_removed":["Strike_P"],"damage_healed":0.0,"max_hp_gain":0.0,"max_hp_loss":0.0,"gold_gain":0.0,"event_name":"Designer","player_choice":"Upgrade and Remove","floor":31.0,"gold_loss":110.0,"damage_taken":0.0,"cards_upgraded":["CutThroughFate"]},{"damage_healed":0,"gold_gain":0,"player_choice":"Memory 3","damage_taken":10,"max_hp_gain":0,"max_hp_loss":0,"event_name":"SensoryStone","floor":36,"gold_loss":0},{"damage_healed":0,"gold_gain":0,"cards_transformed":["Strike_P"],"player_choice":"Transformed","damage_taken":0,"max_hp_gain":0,"max_hp_loss":0,"event_name":"Transmorgrifier","floor":39,"gold_loss":0,"cards_obtained":["JustLucky"]},{"damage_healed":0,"gold_gain":0,"player_choice":"Fight","damage_taken":0,"max_hp_gain":0,"max_hp_loss":0,"event_name":"Mysterious Sphere","floor":41,"gold_loss":0}],"is_beta":false,"boss_relics":[{"not_picked":["Busted Crown","SacredBark"],"picked":"Astrolabe"},{"not_picked":["Cursed Key","Velvet Choker"],"picked":"Runic Pyramid"}],"items_purged_floors":[14,38,54],"is_endless":false,"potions_floor_spawned":[1,4,10,11,16,18,23,27,30,35,41,45,46,55],"ascension_level":20,"potion_discard_per_floor":[[],[],[],[],[],[],[],[],[],[],["PowerPotion"],[],[],[],[],[],[],[],[],[],[],[],[],[],[],[],[],[],[],[],[],[],[],[],[],[],[],[],[],[],[],[],[],[],[],[],[],[],[],[],[],[],[],[],[],[],[]]}