{"neow_bonuses_skipped_log":["RANDOM_COLORLESS","THREE_RARE_CARDS","BOSS_RELIC"],"potions_obtained_entropic_brew":[[],[],[],[],[],[],[],[],[],[]],"neow_costs_skipped_log":["NONE","TEN_PERCENT_HP_LOSS","NONE"],"gold_per_floor":[110,80,155,165,190,190,190,231,258,258],"floor_reached":10,"playtime":521,"items_purged":[],"score":128,"play_id":"d1a66702-86aa-474d-afb0-2d1d06d8a24b","local_time":"20231214141724","score_breakdown":["Floors Climbed (10): 50","Enemies Slain (2): 4","Exordium Elites Killed (1): 10","Bosses Slain (0): 0","Ascension (20): 64"],"is_ascension_mode":true,"potions_obtained_alchemize":[[],[],[],[],[],[],[],[],[],[]],"campfire_choices":[{"data":"SandsOfTime","floor":6,"key":"SMITH"}],"lesson_learned_per_floor":[[],[],[],[],[],[],[],[],[],[]],"neow_cost":"NONE","improvable_cards":{},"seed_source_timestamp":117280883173333,"shop_contents":[],"circlet_count":0,"master_deck":["AscendersBane","Strike_P","Strike_P","Strike_P","Strike_P","Defend_P","Defend_P","Defend_P","Defend_P","Eruption","Vigilance","SandsOfTime+1","EmptyFist","Adaptation"],"potion_use_per_floor":[[],[],[],[],[],[],[],["EssenceOfSteel"],[],["Strength Potion"]],"relics":["PureWater","Lantern","Strawberry","Golden Idol","Damaru","Bag of Marbles"],"potions_floor_usage":[8,10],"damage_taken":[{"damage":4,"enemies":"2 Louse","floor":1,"turns":4},{"damage":0,"enemies":"Cultist","floor":4,"turns":2},{"damage":22,"enemies":"Lagavulin","floor":8,"turns":8},{"damage":42,"enemies":"3 Sentries","floor":10,"turns":5}],"seed_played":"-5138379796185850119","neow_bonus_log":{"cardsObtained":[],"cardsUpgraded":[],"cardsRemoved":[],"cardsTransformed":[],"relicsObtained":["Lantern"],"maxHpGained":0,"goldGained":0,"damageTaken":0,"goldLost":0,"maxHpLost":0},"potions_obtained":[{"floor":2,"key":"SneckoOil"},{"floor":2,"key":"Strength Potion"},{"floor":4,"key":"EssenceOfSteel"}],"is_trial":false,"path_per_floor":["M","?","?","M","T","R","?","E","T","E"],"character_chosen":"WATCHER","basemod:card_modifiers":[null,null,null,null,null,null,null,null,null,null,null,null,null,null],"items_purchased":[],"campfire_rested":0,"item_purchase_floors":[],"current_hp_per_floor":[57,57,46,46,53,53,53,31,31,0],"gold":258,"neow_bonus":"RANDOM_COMMON_RELIC","is_prod":false,"is_daily":false,"rewards_skipped":[],"chose_seed":false,"campfire_upgraded":1,"win_rate":0,"floor_exit_playtime":[179,186,209,254,257,274,281,400,403],"timestamp":1702581444,"path_taken":["M","?","?","M","?","R","?","E","T","E"],"build_version":"2022-12-01","purchased_purges":0,"victory":false,"max_hp_per_floor":[68,68,68,68,75,75,68,68,68,68],"relic_stats":{"counters":[4,19],"Golden Idol":8,"PureWater":[3],"obtain_stats":[{"Lantern":0,"Golden Idol":7,"Strawberry":5,"Damaru":8,"Bag of Marbles":9,"PureWater":0},{"Lantern":0,"Golden Idol":2,"Strawberry":2,"Damaru":3,"Bag of Marbles":3,"PureWater":0},{"Lantern":0,"Golden Idol":6,"Strawberry":6,"Damaru":14,"Bag of Marbles":14,"PureWater":0}]},"card_choices":[{"not_picked":["BattleHymn","Swivel"],"picked":"SandsOfTime","floor":1},{"not_picked":["Prostrate","PathToVictory"],"picked":"EmptyFist","floor":4},{"not_picked":["Omniscience","Halt"],"picked":"Adaptation","floor":8}],"player_experience":45169,"relics_obtained":[{"floor":5,"key":"Strawberry"},{"floor":8,"key":"Damaru"},{"floor":9,"key":"Bag of Marbles"}],"event_choices":[{"damage_healed":0,"gold_gain":0,"player_choice":"Bought 2 Potions","damage_taken":0,"max_hp_gain":0,"max_hp_loss":0,"event_name":"The Woman in Blue","floor":2,"gold_loss":0},{"damage_healed":0,"gold_gain":75,"player_choice":"Gather Gold","damage_taken":11,"max_hp_gain":0,"max_hp_loss":0,"event_name":"World of Goop","floor":3,"gold_loss":0},{"damage_healed":0,"gold_gain":0,"player_choice":"Lose Max HP","damage_taken":0,"relics_obtained":["Golden Idol"],"max_hp_gain":0,"max_hp_loss":7,"event_name":"Golden Idol","floor":7,"gold_loss":0}],"is_beta":false,"boss_relics":[],"items_purged_floors":[],"is_endless":false,"potions_floor_spawned":[4],"killed_by":"3 Sentries","ascension_level":20,"potion_discard_per_floor":[[],[],[],["SneckoOil"],[],[],[],[],[],[]]}