{"neow_bonuses_skipped_log":["TRANSFORM_CARD","THREE_ENEMY_KILL","BOSS_RELIC"],"neow_costs_skipped_log":["NONE","NONE","NONE"],"potions_obtained_entropic_brew":[[],[],[],[],[],[],[],[],[],[],[],[],[],[],[],[],[],[],[],[],[],[],[],[],[],[],[],[],[],[],[],[],[]],"gold_per_floor":[369,380,392,78,88,121,186,202,225,225,244,244,273,285,297,386,398,428,456,468,511,523,535,185,203,203,203,253,253,10,28,28,28],"floor_reached":33,"playtime":2650,"items_purged":["Defend_P","Strike_P","Defend_P"],"score":660,"play_id":"cd501363-bda9-446d-a64c-8ff2c376c756","local_time":"20231224231331","score_breakdown":["Floors Climbed (33): 165","Enemies Slain (10): 20","Exordium Elites Killed (2): 20","City Elites Killed (0): 0","Bosses Slain (1): 50","Champion (1): 25","Perfect (1): 50","Ascension (20): 330"],"is_ascension_mode":true,"potions_obtained_alchemize":[[],[],[],[],[],[],[],[],[],[],[],[],[],[],[],[],[],[],[],[],[],[],[],[],[],[],[],[],[],[],[],[],[]],"campfire_choices":[{"floor":10,"key":"REST"},{"data":"Eruption","floor":12,"key":"SMITH"},{"data":"Worship","floor":15,"key":"SMITH"},{"data":"Ghostly","floor":23,"key":"SMITH"},{"data":"EmptyMind","floor":29,"key":"SMITH"},{"data":"Meditate","floor":32,"key":"SMITH"}],"lesson_learned_per_floor":[[],[],[],[],[],[],[],[],[],[],[],[],[],[],[],[],[],[],[],[],[],[],[],[],[],[],[],[],[],[],[],[],[]],"neow_cost":"TEN_PERCENT_HP_LOSS","improvable_cards":{},"seed_source_timestamp":39796488989625,"shop_contents":[{"floor":4,"relics":["Omamori","Art of War","Lee\u0027s Waffle"],"cards":["JustLucky","Protect","MentalFortress","Discovery","Secret Technique"],"potions":["DistilledChaos","ColorlessPotion","Regen Potion"]},{"floor":24,"relics":["CeramicFish","StrikeDummy"],"cards":["JustLucky","Evaluate","Enlightenment","Secret Weapon"],"potions":["SkillPotion","BlessingOfTheForge"]},{"floor":30,"relics":["Prayer Wheel","Dream Catcher"],"cards":["FollowUp","CutThroughFate","InnerPeace","EmptyMind","Madness","The Bomb"],"potions":["Fire Potion","EssenceOfSteel"]}],"circlet_count":0,"master_deck":["AscendersBane","Strike_P","Strike_P","Defend_P+1","Defend_P","Eruption+1","Vigilance","Prostrate","EmptyFist","FearNoEvil","Scrawl+1","Crescendo","TalkToTheHand","BowlingBash","FlurryOfBlows","CutThroughFate","Worship+1","SpiritShield","FlurryOfBlows","EmptyMind+1","Ghostly+1","Ghostly","Ghostly","Adaptation","Wallop","Meditate+1","Adaptation"],"potion_use_per_floor":[[],[],[],[],[],["SpeedPotion","GamblersBrew"],["Ancient Potion"],[],[],[],[],[],["SkillPotion"],[],[],[],[],[],[],[],["EssenceOfSteel"],[],[],[],[],[],[],[],[],[],[],[],["DistilledChaos"]],"relics":["PureWater","Potion Belt","Matryoshka","War Paint","Damaru","MawBank","Philosopher\u0027s Stone","Red Mask","Membership Card","MealTicket","Singing Bowl","TheAbacus"],"potions_floor_usage":[6,6,7,13,21,33],"damage_taken":[{"damage":1,"enemies":"Small Slimes","floor":1,"turns":4},{"damage":4,"enemies":"2 Louse","floor":2,"turns":3},{"damage":6,"enemies":"Cultist","floor":3,"turns":5},{"damage":0,"enemies":"Blue Slaver","floor":5,"turns":2},{"damage":15,"enemies":"3 Sentries","floor":6,"turns":8},{"damage":19,"enemies":"Lagavulin Event","floor":7,"turns":5},{"damage":6,"enemies":"Exordium Thugs","floor":8,"turns":3},{"damage":0,"enemies":"2 Fungi Beasts","floor":11,"turns":2},{"damage":0,"enemies":"Gremlin Nob","floor":13,"turns":2},{"damage":0,"enemies":"Hexaghost","floor":16,"turns":6},{"damage":20,"enemies":"3 Byrds","floor":18,"turns":4},{"damage":12,"enemies":"Shell Parasite","floor":19,"turns":3},{"damage":0,"enemies":"Masked Bandits","floor":21,"turns":1},{"damage":0,"enemies":"Chosen and Byrds","floor":25,"turns":5},{"damage":0,"enemies":"Snecko","floor":31,"turns":4},{"damage":38,"enemies":"Collector","floor":33,"turns":2}],"seed_played":"-6681066433184029050","neow_bonus_log":{"cardsObtained":[],"cardsUpgraded":[],"cardsRemoved":[],"cardsTransformed":[],"relicsObtained":[],"maxHpGained":0,"goldGained":250,"damageTaken":0,"goldLost":0,"maxHpLost":6},"potions_obtained":[{"floor":3,"key":"GamblersBrew"},{"floor":5,"key":"SpeedPotion"},{"floor":6,"key":"Ancient Potion"},{"floor":7,"key":"BottledMiracle"},{"floor":11,"key":"SkillPotion"},{"floor":31,"key":"Energy Potion"}],"is_trial":false,"path_per_floor":["M","M","M","$","M","E","?","M","T","R","M","R","E","?","R","B",null,"M","M","?","?","?","R","$","M","T","?","?","R","$","M","R","B"],"character_chosen":"WATCHER","basemod:card_modifiers":[null,null,null,null,null,null,null,null,null,null,null,null,null,null,null,null,null,null,null,null,null,null,null,null,null,null,null],"items_purchased":["FearNoEvil","Scrawl","Membership Card","Adaptation","Wallop","DistilledChaos","Meditate","TheAbacus","EntropicBrew","Adaptation"],"campfire_rested":1,"item_purchase_floors":[4,4,24,24,24,24,24,30,30,30],"current_hp_per_floor":[60,56,50,50,50,35,16,10,10,28,28,28,28,21,21,21,52,32,20,8,8,8,8,8,8,8,8,8,8,23,25,25,0],"gold":28,"neow_bonus":"TWO_FIFTY_GOLD","is_prod":false,"is_daily":false,"rewards_skipped":[],"chose_seed":false,"campfire_upgraded":5,"win_rate":0,"floor_exit_playtime":[83,127,257,323,378,612,759,883,892,897,946,963,1054,1074,1080,1307,1375,1679,1809,1821,1909,1919,1943,1997,2198,2201,2205,2210,2236,2322,2505,2558],"timestamp":1703477611,"path_taken":["M","M","M","$","M","E","?","M","T","R","M","R","E","?","R","BOSS","M","M","?","?","?","R","$","?","T","?","?","R","$","?","R","BOSS"],"build_version":"2022-12-01","purchased_purges":3,"victory":false,"max_hp_per_floor":[62,62,62,62,62,62,62,62,62,62,62,62,62,62,62,62,62,62,62,62,62,31,31,31,31,31,31,31,31,31,33,33,33],"relic_stats":{"Matryoshka":2,"TheAbacus":[6],"Singing Bowl":2,"counters":[16,59],"MealTicket":15,"Membership Card":434,"PureWater":[15],"War Paint":["Scrawl","Defend_P"],"MawBank":132,"obtain_stats":[{"Potion Belt":6,"Matryoshka":7,"TheAbacus":30,"Singing Bowl":26,"Damaru":9,"Philosopher\u0027s Stone":17,"MealTicket":26,"Red Mask":21,"Membership Card":24,"PureWater":0,"War Paint":9,"MawBank":13},{"Potion Belt":5,"Matryoshka":6,"TheAbacus":14,"Singing Bowl":14,"Damaru":7,"Philosopher\u0027s Stone":10,"MealTicket":14,"Red Mask":13,"Membership Card":13,"PureWater":0,"War Paint":7,"MawBank":9},{"Potion Belt":22,"Matryoshka":27,"TheAbacus":53,"Singing Bowl":53,"Damaru":30,"Philosopher\u0027s Stone":40,"MealTicket":53,"Red Mask":48,"Membership Card":48,"PureWater":0,"War Paint":30,"MawBank":34}]},"card_choices":[{"not_picked":["LikeWater","JustLucky","Halt"],"picked":"SKIP","floor":1},{"not_picked":["WaveOfTheHand","Halt"],"picked":"Prostrate","floor":2},{"not_picked":["Crescendo","Halt"],"picked":"EmptyFist","floor":3},{"not_picked":["Consecrate","Prostrate"],"picked":"Crescendo","floor":5},{"not_picked":["ThirdEye","Alpha"],"picked":"TalkToTheHand","floor":6},{"not_picked":["Consecrate","FearNoEvil"],"picked":"BowlingBash","floor":7},{"not_picked":["Halt","WaveOfTheHand"],"picked":"FlurryOfBlows","floor":8},{"not_picked":["Evaluate","EmptyFist"],"picked":"CutThroughFate","floor":11},{"not_picked":["JustLucky","Indignation"],"picked":"Worship","floor":13},{"not_picked":["MasterReality","DeusExMachina"],"picked":"SpiritShield","floor":16},{"not_picked":["SashWhip","Conclude"],"picked":"FlurryOfBlows","floor":18},{"not_picked":["Study","SashWhip+1"],"picked":"EmptyMind","floor":19},{"not_picked":["LikeWater","Protect","CutThroughFate"],"picked":"SKIP","floor":21},{"not_picked":["Vengeance","CarveReality","SashWhip"],"picked":"SKIP","floor":25},{"not_picked":["EmptyBody","Collect","JustLucky"],"picked":"Singing Bowl","floor":31}],"player_experience":70087,"relics_obtained":[{"floor":6,"key":"Potion Belt"},{"floor":7,"key":"Matryoshka"},{"floor":9,"key":"War Paint"},{"floor":9,"key":"Damaru"},{"floor":13,"key":"MawBank"},{"floor":21,"key":"Red Mask"},{"floor":26,"key":"MealTicket"},{"floor":26,"key":"Singing Bowl"}],"event_choices":[{"damage_healed":0,"gold_gain":30,"player_choice":"Searched \u00272\u0027 times","damage_taken":0,"max_hp_gain":0,"max_hp_loss":0,"event_name":"Dead Adventurer","floor":7,"gold_loss":0},{"cards_removed":["Strike_P"],"damage_healed":0,"gold_gain":0,"player_choice":"Card Removal","damage_taken":7,"max_hp_gain":0,"max_hp_loss":0,"event_name":"Golden Wing","floor":14,"gold_loss":0},{"damage_healed":0,"gold_gain":0,"player_choice":"POTION ","damage_taken":12,"max_hp_gain":0,"max_hp_loss":0,"event_name":"Knowing Skull","floor":20,"potions_obtained":["EssenceOfSteel"],"gold_loss":0,"cards_obtained":[]},{"damage_healed":0,"gold_gain":0,"player_choice":"Fought Bandits","damage_taken":0,"max_hp_gain":0,"max_hp_loss":0,"event_name":"Masked Bandits","floor":21,"gold_loss":0},{"damage_healed":0,"gold_gain":0,"player_choice":"Became a Ghost","damage_taken":0,"max_hp_gain":0,"max_hp_loss":31,"event_name":"Ghosts","floor":22,"gold_loss":0,"cards_obtained":["Ghostly","Ghostly","Ghostly"]},{"damage_healed":0,"gold_gain":0,"player_choice":"Ignored","damage_taken":0,"max_hp_gain":0,"max_hp_loss":0,"event_name":"Cursed Tome","floor":27,"gold_loss":0},{"damage_healed":0,"gold_gain":50,"player_choice":"Stole From Cult","damage_taken":0,"max_hp_gain":0,"max_hp_loss":0,"event_name":"Nest","floor":28,"gold_loss":0}],"is_beta":false,"boss_relics":[{"not_picked":["Busted Crown","VioletLotus"],"picked":"Philosopher\u0027s Stone"}],"items_purged_floors":[4,24,30],"is_endless":false,"potions_floor_spawned":[3,5,6,7,11,31],"killed_by":"Collector","ascension_level":20,"potion_discard_per_floor":[[],[],[],[],[],[],[],[],[],[],[],[],[],[],[],[],[],[],[],[],[],[],[],[],[],[],[],[],[],[],[],[],[]]}