{"neow_bonuses_skipped_log":["UPGRADE_CARD","RANDOM_COMMON_RELIC","BOSS_RELIC"],"potions_obtained_entropic_brew":[[],[],[],[],[],[],[],[],[],[],[],[],[],[],[],[],[],[],[],[],[],[],[],[],[],[],[],[],[],[],[],[],[],[],[],[],[],[],[],[],[],[],[],[],[],[],[],[],[],[]],"neow_costs_skipped_log":["NONE","NONE","NONE"],"gold_per_floor":[116,116,81,91,12,12,39,54,54,54,70,70,70,83,83,160,160,177,192,192,204,219,219,245,2,70,80,113,163,163,177,177,253,253,321,321,340,88,88,88,153,153,176,176,19,95,172,235,235,235],"floor_reached":50,"playtime":5080,"items_purged":["Defend_P"],"score":1170,"play_id":"11febf37-0ac8-472e-89d2-1dacf7a81167","local_time":"20231223154123","score_breakdown":["Floors Climbed (50): 250","Enemies Slain (15): 30","Exordium Elites Killed (1): 10","City Elites Killed (2): 40","Beyond Elites Killed (1): 30","Bosses Slain (2): 150","Champion (1): 25","Perfect (1): 50","Ascension (20): 585"],"is_ascension_mode":true,"potions_obtained_alchemize":[[],[],[],[],[],[],[],[],[],[],[],[],[],[],[],[],[],[],[],[],[],[],[],[],[],[],[],[],[],[],[],[],[],[],[],[],[],[],[],[],[],[],[],[],[],[],[],[],[],[]],"campfire_choices":[{"data":"Eruption","floor":6.0,"key":"SMITH"},{"data":"SandsOfTime","floor":10.0,"key":"SMITH"},{"data":"Wallop","floor":12.0,"key":"SMITH"},{"data":"ThirdEye","floor":15.0,"key":"SMITH"},{"data":"Blasphemy","floor":23.0,"key":"SMITH"},{"floor":32,"key":"REST"},{"data":"Scrawl","floor":40,"key":"SMITH"},{"data":"Collect","floor":42,"key":"SMITH"},{"floor":44,"key":"RECALL"},{"data":"Wireheading","floor":49,"key":"SMITH"}],"lesson_learned_per_floor":[[],[],[],[],[],[],[],[],[],[],[],[],[],[],[],[],[],[],[],[],[],[],[],[],[],[],[],[],[],[],[],[],[],[],[],[],[],[],[],[],[],[],[],[],[],[],[],[],[],[]],"neow_cost":"PERCENT_DAMAGE","improvable_cards":{},"seed_source_timestamp":0,"shop_contents":[{"floor":5,"relics":["Orichalcum","Boot","Lee\u0027s Waffle"],"cards":["FlyingSleeves","ClearTheMind","Protect","MasterReality","Good Instincts","Mayhem"],"potions":["GamblersBrew","Ancient Potion","Block Potion"]},{"floor":25,"relics":["Damaru","Centennial Puzzle","Frozen Eye"],"cards":["BowlingBash+1","Consecrate+1","Pray","Nirvana","Enlightenment","Master of Strategy"],"potions":["AttackPotion","SmokeBomb","Weak Potion"]},{"floor":38,"relics":["Art of War","Regal Pillow"],"cards":["BowlingBash+1","FlyingSleeves+1","Alpha","Worship","Good Instincts","Mayhem"],"potions":["Fire Potion","EssenceOfSteel","FearPotion"]},{"floor":45,"relics":["Shovel","StoneCalendar"],"cards":["BowlingBash+1","FlyingSleeves+1","Scrawl","ClearTheMind","DevaForm","Flash of Steel+1","Chrysalis"],"potions":["Swift Potion","SkillPotion","Weak Potion"]}],"circlet_count":0,"master_deck":["AscendersBane","Strike_P","Strike_P","Defend_P","Defend_P","Defend_P","Eruption+1","Vigilance","Blasphemy+1","Wireheading+1","Weave","Wallop+1","BowlingBash","SandsOfTime+1","CutThroughFate","ThirdEye+1","Omniscience","Meditate+1","Crescendo","FlurryOfBlows","Scrawl+1","Omniscience","InnerPeace","Scrawl+1","Collect+1","Wish","ReachHeaven+1","MentalFortress","Swivel","Adaptation"],"special_seed":0,"potion_use_per_floor":[[],[],[],[],[],[],[],[],[],[],[],[],[],[],[],[],[],["DistilledChaos"],[],[],[],[],[],["Block Potion"],[],[],["Explosive Potion"],[],[],[],[],[],[],[],[],[],[],[],[],[],[],[],[],[],[],[],["Energy Potion"],[],[],[]],"relics":["HolyWater","Oddly Smooth Stone","Vajra","Bottled Flame","Molten Egg 2","InkBottle","Nunchaku","Runic Pyramid","Medical Kit","Membership Card","Pantograph","Anchor"],"potions_floor_usage":[47],"damage_taken":[{"damage":0.0,"enemies":"Jaw Worm","floor":1.0,"turns":5.0},{"damage":0.0,"enemies":"Small Slimes","floor":4.0,"turns":4.0},{"damage":35.0,"enemies":"3 Sentries","floor":7.0,"turns":11.0},{"damage":0.0,"enemies":"Cultist","floor":8.0,"turns":3.0},{"damage":2.0,"enemies":"Blue Slaver","floor":11.0,"turns":2.0},{"damage":5.0,"enemies":"Gremlin Gang","floor":14.0,"turns":3.0},{"damage":4.0,"enemies":"The Guardian","floor":16.0,"turns":9.0},{"damage":0.0,"enemies":"2 Thieves","floor":18.0,"turns":1.0},{"damage":14.0,"enemies":"3 Byrds","floor":19.0,"turns":4.0},{"damage":0.0,"enemies":"3 Cultists","floor":21.0,"turns":2.0},{"damage":2.0,"enemies":"Snake Plant","floor":22.0,"turns":3.0},{"damage":9.0,"enemies":"Slavers","floor":24.0,"turns":3.0},{"damage":12.0,"enemies":"Shelled Parasite and Fungi","floor":27.0,"turns":3.0},{"damage":0.0,"enemies":"Gremlin Leader","floor":28.0,"turns":2.0},{"damage":0.0,"enemies":"Cultist and Chosen","floor":31.0,"turns":3.0},{"damage":0,"enemies":"Collector","floor":33,"turns":5},{"damage":0,"enemies":"Orb Walker","floor":35,"turns":2},{"damage":10,"enemies":"3 Darklings","floor":37,"turns":2},{"damage":0,"enemies":"Sphere and 2 Shapes","floor":41,"turns":2},{"damage":13,"enemies":"Reptomancer","floor":47,"turns":5},{"damage":0,"enemies":"Spire Growth","floor":48,"turns":3},{"damage":64,"enemies":"Awakened One","floor":50,"turns":3}],"green_key_taken_log":7,"seed_played":"-1422453762470039651","neow_bonus_log":{"cardsObtained":[],"cardsUpgraded":[],"cardsRemoved":[],"cardsTransformed":[],"relicsObtained":[],"maxHpGained":0,"goldGained":0,"damageTaken":18,"goldLost":0,"maxHpLost":0},"potions_obtained":[{"floor":7.0,"key":"SkillPotion"},{"floor":8.0,"key":"DistilledChaos"},{"floor":13.0,"key":"Explosive Potion"},{"floor":18.0,"key":"Dexterity Potion"},{"floor":21.0,"key":"Block Potion"},{"floor":27.0,"key":"SteroidPotion"},{"floor":28.0,"key":"Strength Potion"},{"floor":31.0,"key":"Energy Potion"},{"floor":48,"key":"SneckoOil"}],"is_trial":false,"path_per_floor":["M","?","?","M","$","R","E","M","T","R","M","R","?","M","R","B",null,"M","M","?","M","M","R","E","$","T","M","E","?","?","M","R","B",null,"M","?","M","$","?","R","M","R","T","R","$","T","E","M","R","B"],"character_chosen":"WATCHER","basemod:card_modifiers":[null,null,null,null,null,null,null,null,null,null,null,null,null,null,null,null,null,null,null,null,null,null,null,null,null,null,null,null,null,null],"items_purchased":["Wallop","Omniscience","MentalFortress","Medical Kit","Membership Card"],"campfire_rested":1,"item_purchase_floors":[5,25,38,38,45],"current_hp_per_floor":[43,38,55,55,55,55,20,20,20,20,18,18,18,13,13,9,53,53,39,39,39,37,37,28,28,28,16,16,16,16,16,36,36,60,60,60,50,50,50,50,50,50,50,50,50,50,37,37,37,0],"gold":235,"neow_bonus":"THREE_RARE_CARDS","is_prod":false,"is_daily":false,"rewards_skipped":[{"floor":13,"relics":[],"potions":["SmokeBomb"]},{"floor":16,"relics":[],"potions":["SkillPotion"]},{"floor":35,"relics":[],"potions":["LiquidBronze"]}],"chose_seed":false,"campfire_upgraded":8,"win_rate":0,"floor_exit_playtime":[220,228,300,372,402,420,629,707,741,779,828,847,859,996,1022,1221,1533,1599,1769,1779,1850,1906,1936,2080,2108,2112,2155,2315,2322,2341,2477,2482,2909,3014,3145,3177,3354,3368,3400,3421,3627,3645,3649,3668,3676,3679,4377,4712,4758],"timestamp":1703364083,"blue_key_relic_skipped_log":{"floor":43,"relicID":"Bronze Scales"},"path_taken":["M","?","?","?","$","R","E","M","T","R","M","R","?","M","R","BOSS","M","M","?","M","M","R","E","$","T","?","E","?","?","M","R","BOSS","M","?","M","$","?","R","M","R","T","R","?","?","E","M","R","BOSS"],"build_version":"2022-12-01","purchased_purges":1,"victory":false,"max_hp_per_floor":[68,68,68,68,68,68,68,68,68,68,68,68,68,68,68,68,68,68,68,68,68,68,68,68,68,68,68,68,68,68,68,68,68,68,68,68,68,68,68,68,68,68,68,68,68,68,68,68,68,68],"relic_stats":{"Bottled Flame":"SandsOfTime","Nunchaku":[9],"counters":[22,80],"Pantograph":25,"HolyWater":[41],"Membership Card":0,"Medical Kit":[2],"obtain_stats":[{"Oddly Smooth Stone":2,"Vajra":7,"Medical Kit":38,"Bottled Flame":9,"Nunchaku":28,"Anchor":47,"Pantograph":46,"HolyWater":17,"Molten Egg 2":24,"Membership Card":45,"PureWater":0,"InkBottle":26,"Runic Pyramid":34},{"Oddly Smooth Stone":1,"Vajra":3,"Medical Kit":18,"Bottled Flame":4,"Nunchaku":14,"Anchor":20,"Pantograph":19,"HolyWater":7,"Molten Egg 2":12,"Membership Card":19,"PureWater":0,"InkBottle":12,"Runic Pyramid":16},{"Oddly Smooth Stone":5,"Vajra":20,"Medical Kit":67,"Bottled Flame":23,"Nunchaku":55,"Anchor":74,"Pantograph":69,"HolyWater":37,"Molten Egg 2":50,"Membership Card":69,"PureWater":0,"InkBottle":50,"Runic Pyramid":63}],"InkBottle":[24]},"card_choices":[{"not_picked":["ConjureBlade","DevaForm"],"picked":"Blasphemy","floor":0.0},{"not_picked":["Halt","EmptyBody"],"picked":"Wireheading","floor":1.0},{"not_picked":["ClearTheMind","Halt"],"picked":"Weave","floor":4.0},{"not_picked":["Protect","WreathOfFlame"],"picked":"BowlingBash","floor":7.0},{"not_picked":["JustLucky","Halt"],"picked":"SandsOfTime","floor":8.0},{"not_picked":["Protect","MentalFortress"],"picked":"CutThroughFate","floor":11.0},{"not_picked":["Pray","DevaForm"],"picked":"ThirdEye","floor":14.0},{"not_picked":["Establishment","LessonLearned"],"picked":"Omniscience","floor":16.0},{"not_picked":["Halt","FlyingSleeves"],"picked":"Meditate+1","floor":18.0},{"not_picked":["Pray","ThirdEye","Halt"],"picked":"SKIP","floor":19.0},{"not_picked":["EmptyFist","FearNoEvil+1"],"picked":"Crescendo","floor":21.0},{"not_picked":["CrushJoints","PathToVictory"],"picked":"FlurryOfBlows","floor":22.0},{"not_picked":["FollowUp+1","Study"],"picked":"Scrawl","floor":24.0},{"not_picked":["EmptyFist+1","FlurryOfBlows+1"],"picked":"InnerPeace","floor":27.0},{"not_picked":["EmptyMind","Fasting2"],"picked":"Scrawl","floor":28.0},{"not_picked":["Study","Conclude+1"],"picked":"Collect","floor":31.0},{"not_picked":["Blasphemy","DevaForm"],"picked":"Wish","floor":33},{"not_picked":["Protect","Perseverance","FearNoEvil+1"],"picked":"SKIP","floor":35},{"not_picked":["Crescendo","CarveReality+1","JustLucky+1"],"picked":"SKIP","floor":37},{"not_picked":["SashWhip+1","EmptyBody"],"picked":"Swivel","floor":41},{"not_picked":["EmptyFist+1","Perseverance","Wallop+1"],"picked":"SKIP","floor":47},{"not_picked":["FlyingSleeves+1","Study+1"],"picked":"Adaptation","floor":48}],"player_experience":57553,"relics_obtained":[{"floor":7.0,"key":"Vajra"},{"floor":9.0,"key":"Bottled Flame"},{"floor":24.0,"key":"Molten Egg 2"},{"floor":26.0,"key":"InkBottle"},{"floor":28.0,"key":"Nunchaku"},{"floor":46,"key":"Pantograph"},{"floor":47,"key":"Anchor"}],"event_choices":[{"damage_healed":0.0,"max_hp_gain":0.0,"max_hp_loss":0.0,"gold_gain":0.0,"event_name":"Scrap Ooze","player_choice":"Success","floor":2.0,"gold_loss":0.0,"damage_taken":5.0,"relics_obtained":["Oddly Smooth Stone"]},{"damage_healed":17.0,"max_hp_gain":0.0,"max_hp_loss":0.0,"gold_gain":0.0,"event_name":"The Cleric","player_choice":"Healed","floor":3.0,"gold_loss":35.0,"damage_taken":0.0},{"damage_healed":0.0,"max_hp_gain":0.0,"max_hp_loss":0.0,"gold_gain":0.0,"event_name":"Lab","player_choice":"Got Potions","floor":13.0,"gold_loss":0.0,"damage_taken":0.0},{"damage_healed":0.0,"max_hp_gain":0.0,"max_hp_loss":0.0,"gold_gain":0.0,"event_name":"The Mausoleum","player_choice":"Ignored","floor":20.0,"gold_loss":0.0,"damage_taken":0.0},{"damage_healed":0.0,"max_hp_gain":0.0,"max_hp_loss":0.0,"gold_gain":50.0,"event_name":"Nest","player_choice":"Stole From Cult","floor":29.0,"gold_loss":0.0,"damage_taken":0.0},{"cards_removed":["Strike_P"],"damage_healed":0.0,"max_hp_gain":0.0,"max_hp_loss":0.0,"gold_gain":0.0,"event_name":"Purifier","player_choice":"Purged","floor":30.0,"gold_loss":0.0,"damage_taken":0.0},{"damage_healed":0,"gold_gain":0,"cards_transformed":["Strike_P"],"player_choice":"Transformed","damage_taken":0,"max_hp_gain":0,"max_hp_loss":0,"event_name":"Transmorgrifier","floor":36,"gold_loss":0,"cards_obtained":["ReachHeaven"]},{"damage_healed":0,"gold_gain":0,"player_choice":"Forge","damage_taken":0,"max_hp_gain":0,"max_hp_loss":0,"event_name":"Accursed Blacksmith","floor":39,"gold_loss":0,"cards_upgraded":["Scrawl"]}],"is_beta":false,"boss_relics":[{"not_picked":["Snecko Eye","Velvet Choker"],"picked":"HolyWater"},{"not_picked":["Tiny House","Philosopher\u0027s Stone"],"picked":"Runic Pyramid"}],"items_purged_floors":[25],"is_endless":false,"potions_floor_spawned":[7,8,16,18,21,27,28,31,35,48],"killed_by":"Awakened One","ascension_level":20,"potion_discard_per_floor":[[],[],[],[],[],[],[],[],[],[],[],[],["SkillPotion"],[],[],[],[],[],[],[],["Dexterity Potion"],[],[],[],[],[],[],[],[],[],["SteroidPotion"],[],[],[],[],[],[],[],[],[],[],[],[],[],[],[],[],[],[],[]]}