{"neow_bonuses_skipped_log":["ONE_RANDOM_RARE_CARD","THREE_ENEMY_KILL","BOSS_RELIC"],"potions_obtained_entropic_brew":[[],[],[],[],[],[],[],[],[],[],[],[],[],[],[],[],[],[],[],[],[],[],[]],"neow_costs_skipped_log":["NONE","NONE","NONE"],"gold_per_floor":[362,379,394,351,192,192,192,212,212,238,238,266,278,278,278,357,357,369,191,191,209,225,225],"floor_reached":23,"playtime":1882,"items_purged":["Doubt","Strike_P"],"score":556,"play_id":"49737682-fa56-4799-98e0-1e19a56642f3","local_time":"20231222123710","score_breakdown":["Floors Climbed (23): 115","Enemies Slain (9): 18","Exordium Elites Killed (2): 20","City Elites Killed (0): 0","Bosses Slain (1): 50","Champion (1): 25","Perfect (1): 50","Ascension (20): 278"],"is_ascension_mode":true,"potions_obtained_alchemize":[[],[],[],[],[],[],[],[],[],[],[],[],[],[],[],[],[],[],[],[],[],[],[]],"campfire_choices":[{"data":"EmptyFist","floor":6,"key":"SMITH"},{"floor":11,"key":"REST"},{"data":"Eruption","floor":15,"key":"SMITH"}],"lesson_learned_per_floor":[[],[],[],[],[],[],[],[],[],[],[],[],[],[],[],[],[],[],[],[],["Strike_P"],["Consecrate"],[]],"neow_cost":"CURSE","improvable_cards":{},"seed_source_timestamp":635183673441584,"shop_contents":[{"floor":5,"relics":["Shovel","StoneCalendar","PrismaticShard"],"cards":["Conclude","Protect","DeusExMachina","MasterReality","Deep Breath","Magnetism"],"potions":["PowerPotion","AttackPotion","BlessingOfTheForge"]},{"floor":19,"relics":["Darkstone Periapt","Kunai","Frozen Eye"],"cards":["FlyingSleeves","ReachHeaven","Indignation","Prostrate","Purity","Sadistic Nature"],"potions":["Swift Potion","Weak Potion","PowerPotion"]}],"circlet_count":0,"master_deck":["AscendersBane","Strike_P+1","Strike_P","Strike_P","Defend_P","Defend_P","Eruption+1","Vigilance","EmptyFist+1","CutThroughFate","Consecrate+1","Wallop","Indignation","Vault","LessonLearned","Adaptation"],"potion_use_per_floor":[[],[],[],[],[],[],[],[],[],[],[],["Energy Potion"],[],[],[],[],[],[],[],[],["Ambrosia"],[],["PowerPotion","FairyPotion"]],"relics":["PureWater","Pantograph","MealTicket","Bag of Preparation","Toy Ornithopter","Philosopher\u0027s Stone"],"potions_floor_usage":[12,21,23],"damage_taken":[{"damage":14,"enemies":"Small Slimes","floor":1,"turns":6},{"damage":0,"enemies":"Cultist","floor":2,"turns":3},{"damage":3,"enemies":"2 Louse","floor":3,"turns":2},{"damage":15,"enemies":"Exordium Thugs","floor":4,"turns":5},{"damage":7,"enemies":"Gremlin Gang","floor":8,"turns":3},{"damage":14,"enemies":"Lagavulin","floor":10,"turns":6},{"damage":0,"enemies":"Gremlin Nob","floor":12,"turns":3},{"damage":0,"enemies":"Large Slime","floor":13,"turns":3},{"damage":0,"enemies":"Slime Boss","floor":16,"turns":4},{"damage":9,"enemies":"Shell Parasite","floor":18,"turns":3},{"damage":5,"enemies":"3 Byrds","floor":21,"turns":4},{"damage":0,"enemies":"Snake Plant","floor":22,"turns":2},{"damage":96,"enemies":"Book of Stabbing","floor":23,"turns":6}],"seed_played":"7801430240627244990","neow_bonus_log":{"cardsObtained":["Doubt"],"cardsUpgraded":[],"cardsRemoved":[],"cardsTransformed":[],"relicsObtained":[],"maxHpGained":0,"goldGained":250,"damageTaken":0,"goldLost":0,"maxHpLost":0},"potions_obtained":[{"floor":1,"key":"Ambrosia"},{"floor":2,"key":"EssenceOfSteel"},{"floor":3,"key":"Energy Potion"},{"floor":12,"key":"FairyPotion"},{"floor":22,"key":"PowerPotion"}],"is_trial":false,"path_per_floor":["M","M","M","M","$","R","?","M","T","E","R","E","M","?","R","B",null,"M","$","?","M","M","E"],"character_chosen":"WATCHER","basemod:card_modifiers":[null,null,null,null,null,null,null,null,null,null,null,null,null,null,null,null],"items_purchased":["Wallop","Adaptation"],"campfire_rested":1,"item_purchase_floors":[5,19],"current_hp_per_floor":[47,47,44,29,29,29,29,22,22,8,28,28,28,10,10,35,60,51,66,66,63,63,0],"gold":225,"neow_bonus":"TWO_FIFTY_GOLD","is_prod":false,"is_daily":false,"rewards_skipped":[{"floor":13,"relics":[],"potions":["AttackPotion"]}],"chose_seed":false,"campfire_upgraded":2,"win_rate":0,"floor_exit_playtime":[178,244,293,400,460,483,558,625,628,776,795,850,903,918,924,1060,1184,1275,1375,1398,1664,1724],"timestamp":1703266630,"path_taken":["M","M","M","M","$","R","?","M","T","E","R","E","M","?","R","BOSS","M","$","?","M","M","E"],"build_version":"2022-12-01","purchased_purges":2,"victory":false,"max_hp_per_floor":[68,68,68,68,68,68,68,68,68,68,68,68,68,68,68,68,68,68,68,68,68,68,68],"relic_stats":{"counters":[13,50],"Pantograph":25,"MealTicket":15,"Bag of Preparation":[12],"PureWater":[12],"obtain_stats":[{"Pantograph":9,"MealTicket":10,"Philosopher\u0027s Stone":17,"Bag of Preparation":12,"PureWater":0,"Toy Ornithopter":14},{"Pantograph":5,"MealTicket":6,"Philosopher\u0027s Stone":9,"Bag of Preparation":7,"PureWater":0,"Toy Ornithopter":8},{"Pantograph":19,"MealTicket":25,"Philosopher\u0027s Stone":35,"Bag of Preparation":28,"PureWater":0,"Toy Ornithopter":31}],"Toy Ornithopter":7},"card_choices":[{"not_picked":["Prostrate","WaveOfTheHand"],"picked":"EmptyFist","floor":1},{"not_picked":["FearNoEvil","FollowUp"],"picked":"CutThroughFate","floor":2},{"not_picked":["ThirdEye","FearNoEvil"],"picked":"Consecrate","floor":3},{"not_picked":["DeceiveReality","JustLucky","CrushJoints"],"picked":"SKIP","floor":4},{"not_picked":["Halt","Swivel"],"picked":"Indignation","floor":8},{"not_picked":["Prostrate","BowlingBash"],"picked":"Vault","floor":10},{"not_picked":["LikeWater","Evaluate","Swivel"],"picked":"SKIP","floor":12},{"not_picked":["PathToVictory","Vengeance","Pray"],"picked":"SKIP","floor":13},{"not_picked":["SpiritShield","Establishment"],"picked":"LessonLearned","floor":16},{"not_picked":["EmptyBody+1","Pray","BowlingBash"],"picked":"SKIP","floor":18},{"not_picked":["FlyingSleeves","Consecrate","Judgement"],"picked":"SKIP","floor":21},{"not_picked":["FlyingSleeves","Consecrate","Judgement"],"picked":"SKIP","floor":21},{"not_picked":["Collect","JustLucky","CarveReality"],"picked":"SKIP","floor":22}],"player_experience":45360,"relics_obtained":[{"floor":9,"key":"Pantograph"},{"floor":10,"key":"MealTicket"},{"floor":12,"key":"Bag of Preparation"}],"event_choices":[{"cards_removed":["Defend_P"],"damage_healed":0,"gold_gain":0,"player_choice":"Offered Basic","damage_taken":0,"max_hp_gain":0,"max_hp_loss":0,"event_name":"Bonfire Elementals","floor":7,"gold_loss":0},{"damage_healed":0,"gold_gain":0,"player_choice":"Success","damage_taken":18,"relics_obtained":["Toy Ornithopter"],"max_hp_gain":0,"max_hp_loss":0,"event_name":"Scrap Ooze","floor":14,"gold_loss":0},{"cards_removed":["Defend_P"],"damage_healed":0,"gold_gain":0,"player_choice":"Elegance","damage_taken":0,"max_hp_gain":0,"max_hp_loss":0,"event_name":"Back to Basics","floor":20,"gold_loss":0}],"is_beta":false,"boss_relics":[{"not_picked":["Runic Dome","VioletLotus"],"picked":"Philosopher\u0027s Stone"}],"items_purged_floors":[5,19],"is_endless":false,"potions_floor_spawned":[1,2,3,12,13,22],"killed_by":"Book of Stabbing","ascension_level":20,"potion_discard_per_floor":[[],[],["EssenceOfSteel"],[],[],[],[],[],[],[],[],[],[],[],[],[],[],[],[],[],[],[],[]]}