{"neow_bonuses_skipped_log":["ONE_RANDOM_RARE_CARD","ONE_RARE_RELIC","BOSS_RELIC"],"neow_costs_skipped_log":["NONE","NO_GOLD","NONE"],"potions_obtained_entropic_brew":[[],[],[],[],[],[],[],[],[],[],[],[],[],[],[],[],[],[],[],[],[],[],[],[],[],[],[],[],[],[],[],[],[],[],["Explosive Potion"],[],[],[],[],[],[],[],[],[],[],[],[],[],[],[],[],[],[],[],[],[],[]],"gold_per_floor":[211,227,247,172,191,191,24,50,50,68,68,86,113,113,113,191,191,202,217,267,15,27,60,60,94,94,128,128,139,149,167,167,245,245,264,289,117,134,134,163,183,210,210,255,274,301,301,332,332,332,332,332,332,24,55,55],"floor_reached":57,"playtime":8969,"items_purged":["Defend_P","CarveReality","Vigilance"],"score":3349,"play_id":"8c542b30-b133-4aee-811c-34cb1112d5e8","local_time":"20240107001200","score_breakdown":["Floors Climbed (57): 285","Enemies Slain (16): 32","Exordium Elites Killed (2): 20","City Elites Killed (3): 60","Beyond Elites Killed (3): 90","Bosses Slain (5): 750","I Like Shiny: 50","Money Money (1059): 25","Champion (7): 175","Perfect (1): 50","Overkill: 25","C-c-c-combo: 25","Ascension (20): 1512","Heartbreaker: 250"],"is_ascension_mode":true,"potions_obtained_alchemize":[[],[],[],[],[],[],[],[],[],[],[],[],[],[],[],[],[],[],[],[],[],[],[],[],[],[],[],[],[],[],[],[],[],[],[],[],[],[],[],[],[],[],[],[],[],[],[],[],[],[],[],[],[],[],[],[],[]],"campfire_choices":[{"data":"Eruption","floor":6.0,"key":"SMITH"},{"data":"CrushJoints","floor":11.0,"key":"SMITH"},{"data":"Adaptation","floor":15.0,"key":"SMITH"},{"data":"MentalFortress","floor":28,"key":"SMITH"},{"floor":32,"key":"RECALL"},{"data":"Adaptation","floor":47,"key":"SMITH"},{"data":"WindmillStrike","floor":49,"key":"SMITH"},{"data":"Crescendo","floor":53,"key":"SMITH"}],"lesson_learned_per_floor":[[],[],[],[],[],[],[],[],[],[],[],[],[],[],[],[],[],[],[],[],[],[],[],[],[],[],[],[],[],[],[],[],[],[],[],[],[],[],[],[],[],[],[],[],[],[],[],[],[],[],[],[],[],[],[],[],[]],"neow_cost":"NONE","improvable_cards":{},"seed_source_timestamp":404503139751917,"shop_contents":[{"floor":4,"relics":["Shovel","Happy Flower","HandDrill"],"cards":["CutThroughFate","SandsOfTime","Crescendo","Sanctity","MentalFortress","Impatience","Magnetism"],"potions":["ColorlessPotion","Swift Potion","SpeedPotion"]},{"floor":7,"relics":["Question Card","Bottled Lightning"],"cards":["CutThroughFate","SashWhip","Perseverance","Prostrate","Adaptation","Finesse","Violence"],"potions":["DuplicationPotion","Energy Potion","LiquidMemories"]},{"floor":21,"relics":["Omamori"],"cards":["JustLucky","Ragnarok","Evaluate+1","Protect+1","BattleHymn","Forethought+1","Metamorphosis+1"],"potions":["SpeedPotion","Fire Potion","Ancient Potion"]},{"floor":37,"relics":["Vajra","StoneCalendar"],"cards":["JustLucky","ClearTheMind+1","Prostrate+1","Nirvana","PanicButton+1","Transmutation+1"],"potions":["Fire Potion","Strength Potion","Block Potion"]},{"floor":54,"relics":[],"cards":["SashWhip","CarveReality","Evaluate+1","ForeignInfluence+1","Study","Good Instincts+1","Metamorphosis+1"],"potions":["Fruit Juice","BottledMiracle","DistilledChaos"]}],"circlet_count":0,"master_deck":["AscendersBane","Eruption+1","CrushJoints+1","Crescendo+1","Adaptation+1","EmptyMind+1","Collect+1","Vault+1","Evaluate+1","EmptyBody+1","Vault+1","Protect+1","WindmillStrike+1","ClearTheMind+1","ThirdEye+1","MentalFortress+1","Omniscience+1","FearNoEvil","Madness+1","Madness+1","Adaptation+1","Prostrate+1","InnerPeace+1","Master of Strategy+1","Madness+1","Bandage Up+1","Omniscience+1"],"special_seed":0,"potion_use_per_floor":[[],[],[],[],[],[],[],[],[],[],[],[],[],[],[],[],[],[],[],[],[],[],[],[],[],[],[],[],[],[],["BlessingOfTheForge"],[],[],[],["EntropicBrew"],[],[],[],[],["GamblersBrew"],[],[],[],["BlessingOfTheForge"],[],[],[],[],[],[],[],[],[],[],["GamblersBrew"],["DuplicationPotion"],[]],"relics":["PureWater","Lee\u0027s Waffle","Incense Burner","Toxic Egg 2","Art of War","Pandora\u0027s Box","Membership Card","Bag of Preparation","PreservedInsect","Meat on the Bone","Unceasing Top","Black Star","Turnip","TheAbacus","CaptainsWheel","Damaru","CeramicFish","Eternal Feather","Akabeko","Oddly Smooth Stone","Mummified Hand","DollysMirror","Lantern","Bag of Marbles","FossilizedHelix","War Paint"],"potions_floor_usage":[31,35,40,44,55,56],"damage_taken":[{"damage":0.0,"enemies":"2 Louse","floor":1.0,"turns":2.0},{"damage":0.0,"enemies":"Cultist","floor":2.0,"turns":2.0},{"damage":7.0,"enemies":"Small Slimes","floor":3.0,"turns":3.0},{"damage":6.0,"enemies":"Looter","floor":5.0,"turns":3.0},{"damage":35.0,"enemies":"Lagavulin","floor":8.0,"turns":4.0},{"damage":11.0,"enemies":"Large Slime","floor":10.0,"turns":3.0},{"damage":0.0,"enemies":"Blue Slaver","floor":12.0,"turns":2.0},{"damage":10.0,"enemies":"3 Sentries","floor":13.0,"turns":10.0},{"damage":4,"enemies":"Slime Boss","floor":16,"turns":13},{"damage":12,"enemies":"2 Thieves","floor":18,"turns":6},{"damage":0,"enemies":"Spheric Guardian","floor":19,"turns":6},{"damage":0,"enemies":"Centurion and Healer","floor":22,"turns":7},{"damage":0,"enemies":"Gremlin Leader","floor":23,"turns":6},{"damage":0,"enemies":"Slavers","floor":25,"turns":6},{"damage":0,"enemies":"Gremlin Leader","floor":27,"turns":5},{"damage":0,"enemies":"Snecko","floor":29,"turns":6},{"damage":0,"enemies":"Chosen and Byrds","floor":30,"turns":6},{"damage":0,"enemies":"Sentry and Sphere","floor":31,"turns":6},{"damage":0,"enemies":"Champ","floor":33,"turns":12},{"damage":0,"enemies":"3 Darklings","floor":35,"turns":6},{"damage":0,"enemies":"Mind Bloom Boss Battle","floor":36,"turns":12},{"damage":1,"enemies":"Orb Walker","floor":38,"turns":5},{"damage":0,"enemies":"Reptomancer","floor":40,"turns":5},{"damage":12,"enemies":"4 Shapes","floor":41,"turns":10},{"damage":0,"enemies":"Nemesis","floor":42,"turns":10},{"damage":0,"enemies":"2 Orb Walkers","floor":44,"turns":9},{"damage":1,"enemies":"3 Darklings","floor":45,"turns":9},{"damage":0,"enemies":"Giant Head","floor":48,"turns":6},{"damage":11,"enemies":"Awakened One","floor":50,"turns":12},{"damage":16,"enemies":"Donu and Deca","floor":51,"turns":12},{"damage":0,"enemies":"Shield and Spear","floor":55,"turns":17},{"damage":10,"enemies":"The Heart","floor":56,"turns":10}],"green_key_taken_log":27,"seed_played":"-1536609470029732872","neow_bonus_log":{"cardsObtained":[],"cardsUpgraded":[],"cardsRemoved":[],"cardsTransformed":[],"relicsObtained":[],"maxHpGained":0,"goldGained":100,"damageTaken":0,"goldLost":0,"maxHpLost":0},"potions_obtained":[{"floor":1.0,"key":"BlessingOfTheForge"},{"floor":12.0,"key":"DistilledChaos"},{"floor":18,"key":"GamblersBrew"},{"floor":31,"key":"EntropicBrew"},{"floor":35,"key":"GamblersBrew"},{"floor":41,"key":"BlessingOfTheForge"},{"floor":45,"key":"Energy Potion"},{"floor":48,"key":"DuplicationPotion"}],"is_trial":false,"path_per_floor":["M","M","M","$","M","R","$","E","T","M","R","M","E","?","R","B",null,"M","M","?","$","M","E","?","E","T","E","R","M","M","M","R","B",null,"M","?","$","M","?","E","M","E","T","?","M","?","R","E","R","B","B",null,"R","$","E","B",null],"character_chosen":"WATCHER","basemod:card_modifiers":[null,null,null,null,null,null,null,null,null,null,null,null,null,null,null,null,null,null,null,null,null,null,null,null,null,null,null],"items_purchased":["Lee\u0027s Waffle","Membership Card","Bag of Preparation","TheAbacus","FearNoEvil","DollysMirror","Lantern","Bag of Marbles"],"campfire_rested":0,"item_purchase_floors":[7,21,21,37,37,54,54,54],"current_hp_per_floor":[61,61,54,54,48,48,75,40,40,29,29,29,19,19,19,15,60,48,48,41,41,41,41,41,41,41,41,41,41,41,41,41,41,67,67,67,67,66,52,52,40,40,40,40,39,29,44,50,65,60,50,69,75,75,75,71],"gold":55,"neow_bonus":"HUNDRED_GOLD","is_prod":false,"is_daily":false,"rewards_skipped":[{"floor":16,"relics":[],"potions":["Block Potion"]},{"floor":22,"relics":[],"potions":["BlessingOfTheForge"]},{"floor":44,"relics":["Dead Branch"],"potions":[]}],"chose_seed":false,"campfire_upgraded":7,"win_rate":0,"floor_exit_playtime":[82,131,224,325,361,381,426,577,586,644,653,696,943,952,972,1258,1412,1579,1701,1712,1727,1947,2163,2212,2446,2451,2642,2652,2794,2961,3095,3106,3480,3533,3716,4049,4106,4234,4249,4476,4893,5283,5296,5753,6127,6210,6233,6571,6583,7176,7646,7657,7665,7746,8351,8969],"timestamp":1704604320,"blue_key_relic_skipped_log":{"floor":26,"relicID":"Regal Pillow"},"path_taken":["M","M","M","$","M","R","$","E","T","M","R","M","E","?","R","BOSS","M","M","?","$","M","E","?","E","T","E","R","M","M","M","R","BOSS","M","?","$","M","?","E","M","E","T","?","?","?","R","E","R","BOSS","BOSS","R","$","E","BOSS"],"build_version":"2022-12-01","purchased_purges":3,"victory":true,"max_hp_per_floor":[68,68,68,68,68,68,75,75,75,75,75,75,75,75,75,75,75,75,75,75,75,75,75,75,75,75,75,75,75,75,75,75,75,75,75,75,75,75,75,75,75,75,75,75,75,75,75,75,75,75,75,75,75,75,75,75],"relic_stats":{"Lee\u0027s Waffle":27,"counters":[32,231],"CeramicFish":45,"Eternal Feather":36,"PreservedInsect":405,"Bag of Preparation":[42],"War Paint":[],"TheAbacus":[546],"Mummified Hand":[17],"Pandora\u0027s Box":["CarveReality","Evaluate","EmptyBody","Vault","Ragnarok","Protect","WindmillStrike"],"Turnip":[2],"Art of War":[54],"Black Star":4,"Membership Card":570,"PureWater":[32],"obtain_stats":[{"Lantern":54,"CeramicFish":42,"Incense Burner":8,"Bag of Preparation":21,"TheAbacus":37,"Mummified Hand":48,"DollysMirror":54,"Toxic Egg 2":9,"Lee\u0027s Waffle":7,"Damaru":40,"Oddly Smooth Stone":48,"Eternal Feather":42,"PreservedInsect":23,"War Paint":55,"Akabeko":43,"CaptainsWheel":40,"Pandora\u0027s Box":17,"Turnip":36,"Art of War":13,"Black Star":34,"Bag of Marbles":54,"Membership Card":21,"PureWater":0,"Unceasing Top":27,"FossilizedHelix":55,"Meat on the Bone":25},{"Lantern":30,"CeramicFish":25,"Incense Burner":5,"Bag of Preparation":11,"TheAbacus":21,"Mummified Hand":28,"DollysMirror":30,"Toxic Egg 2":5,"Lee\u0027s Waffle":4,"Damaru":23,"Oddly Smooth Stone":28,"Eternal Feather":25,"PreservedInsect":13,"War Paint":31,"Akabeko":25,"CaptainsWheel":23,"Pandora\u0027s Box":9,"Turnip":21,"Art of War":8,"Black Star":19,"Bag of Marbles":30,"Membership Card":11,"PureWater":0,"Unceasing Top":15,"FossilizedHelix":31,"Meat on the Bone":14},{"Lantern":204,"CeramicFish":156,"Incense Burner":14,"Bag of Preparation":54,"TheAbacus":126,"Mummified Hand":180,"DollysMirror":204,"Toxic Egg 2":14,"Lee\u0027s Waffle":10,"Damaru":136,"Oddly Smooth Stone":180,"Eternal Feather":156,"PreservedInsect":67,"War Paint":221,"Akabeko":156,"CaptainsWheel":136,"Pandora\u0027s Box":42,"Turnip":126,"Art of War":29,"Black Star":108,"Bag of Marbles":204,"Membership Card":54,"PureWater":0,"Unceasing Top":78,"FossilizedHelix":221,"Meat on the Bone":73}],"Unceasing Top":[3],"FossilizedHelix":[2],"Meat on the Bone":0},"card_choices":[{"not_picked":["Consecrate","Prostrate"],"picked":"CrushJoints","floor":1.0},{"not_picked":["Prostrate","Halt","WreathOfFlame"],"picked":"SKIP","floor":2.0},{"not_picked":["Sanctity","WaveOfTheHand"],"picked":"Crescendo","floor":3.0},{"not_picked":["Weave","FlyingSleeves"],"picked":"Adaptation","floor":5.0},{"not_picked":["Collect","Crescendo","Evaluate"],"picked":"SKIP","floor":8.0},{"not_picked":["Halt+1","JustLucky"],"picked":"EmptyMind+1","floor":10.0},{"not_picked":["Consecrate","Study"],"picked":"Collect+1","floor":12.0},{"not_picked":["DeceiveReality+1","Halt+1","Worship+1"],"picked":"SKIP","floor":13.0},{"not_picked":["MasterReality","DeusExMachina+1"],"picked":"Vault+1","floor":16},{"not_picked":["Perseverance+1","FlurryOfBlows"],"picked":"ClearTheMind+1","floor":18},{"not_picked":["Prostrate+1","FollowUp"],"picked":"ThirdEye+1","floor":19},{"not_picked":["FollowUp","Indignation+1","Protect+1"],"picked":"SKIP","floor":22},{"not_picked":["FollowUp","Indignation+1","Protect+1"],"picked":"SKIP","floor":22},{"not_picked":["SandsOfTime","Ragnarok"],"picked":"MentalFortress","floor":23},{"not_picked":["Fasting2","Crescendo+1","ThirdEye+1"],"picked":"SKIP","floor":25},{"not_picked":["SashWhip","Collect+1","FollowUp"],"picked":"SKIP","floor":27},{"not_picked":["Vengeance+1","Conclude","Halt+1"],"picked":"SKIP","floor":29},{"not_picked":["ClearTheMind+1","SashWhip","Evaluate+1"],"picked":"SKIP","floor":30},{"not_picked":["Protect+1","EmptyFist","Evaluate+1"],"picked":"SKIP","floor":31},{"not_picked":["LessonLearned","Ragnarok"],"picked":"Omniscience+1","floor":33},{"not_picked":["PathToVictory+1","CutThroughFate","Consecrate"],"picked":"SKIP","floor":35},{"not_picked":["EmptyBody+1","EmptyMind+1","EmptyFist"],"picked":"SKIP","floor":36},{"not_picked":["Worship+1","Collect+1","SashWhip+1"],"picked":"SKIP","floor":38},{"not_picked":["Consecrate","Meditate+1"],"picked":"Adaptation","floor":40},{"not_picked":["CutThroughFate+1","Protect+1"],"picked":"Prostrate+1","floor":41},{"not_picked":["Alpha+1","Swivel+1","Perseverance+1"],"picked":"SKIP","floor":42},{"not_picked":["Consecrate","Protect+1","FlurryOfBlows"],"picked":"SKIP","floor":44},{"not_picked":["CrushJoints","ClearTheMind+1"],"picked":"InnerPeace+1","floor":45},{"not_picked":["Madness+1","Blind+1"],"picked":"Master of Strategy+1","floor":46},{"not_picked":["Mayhem","Impatience+1"],"picked":"Madness+1","floor":46},{"not_picked":["Chrysalis+1","Finesse+1"],"picked":"Bandage Up+1","floor":46},{"not_picked":["Collect+1","FlyingSleeves+1","Consecrate"],"picked":"SKIP","floor":48},{"not_picked":["Weave","BowlingBash","CutThroughFate"],"picked":"SKIP","floor":55},{"not_picked":["Weave","BowlingBash","CutThroughFate"],"picked":"SKIP","floor":55}],"player_experience":107425,"relics_obtained":[{"floor":8.0,"key":"Incense Burner"},{"floor":9.0,"key":"Toxic Egg 2"},{"floor":13.0,"key":"Art of War"},{"floor":23,"key":"PreservedInsect"},{"floor":25,"key":"Meat on the Bone"},{"floor":27,"key":"Unceasing Top"},{"floor":36,"key":"Turnip"},{"floor":40,"key":"CaptainsWheel"},{"floor":40,"key":"Damaru"},{"floor":42,"key":"CeramicFish"},{"floor":42,"key":"Eternal Feather"},{"floor":43,"key":"Akabeko"},{"floor":48,"key":"Oddly Smooth Stone"},{"floor":48,"key":"Mummified Hand"},{"floor":55,"key":"FossilizedHelix"},{"floor":55,"key":"War Paint"}],"event_choices":[{"damage_healed":0.0,"max_hp_gain":0.0,"max_hp_loss":0.0,"gold_gain":0.0,"event_name":"Liars Game","player_choice":"Ignored","floor":14.0,"gold_loss":0.0,"damage_taken":0.0},{"damage_healed":0,"gold_gain":50,"player_choice":"Touch","damage_taken":7,"max_hp_gain":0,"max_hp_loss":0,"event_name":"FaceTrader","floor":20,"gold_loss":0},{"cards_removed":["Ragnarok"],"damage_healed":0,"gold_gain":0,"player_choice":"Elegance","damage_taken":0,"max_hp_gain":0,"max_hp_loss":0,"event_name":"Back to Basics","floor":24,"gold_loss":0},{"damage_healed":0,"gold_gain":0,"player_choice":"Fight","damage_taken":0,"max_hp_gain":0,"max_hp_loss":0,"event_name":"MindBloom","floor":36,"gold_loss":0},{"damage_healed":0,"gold_gain":0,"player_choice":"Embrace Madness","damage_taken":14,"max_hp_gain":0,"max_hp_loss":0,"event_name":"Winding Halls","floor":39,"gold_loss":0,"cards_obtained":["Madness","Madness"]},{"damage_healed":0,"gold_gain":0,"player_choice":"Fight","damage_taken":0,"max_hp_gain":0,"max_hp_loss":0,"event_name":"Mysterious Sphere","floor":44,"gold_loss":0},{"damage_healed":0,"gold_gain":0,"player_choice":"Memory 3","damage_taken":10,"max_hp_gain":0,"max_hp_loss":0,"event_name":"SensoryStone","floor":46,"gold_loss":0}],"is_beta":false,"boss_relics":[{"not_picked":["Astrolabe","Ectoplasm"],"picked":"Pandora\u0027s Box"},{"not_picked":["Tiny House","Busted Crown"],"picked":"Black Star"}],"items_purged_floors":[4,37,54],"is_endless":false,"potions_floor_spawned":[1,12,16,18,22,31,35,41,45,48],"ascension_level":20,"potion_discard_per_floor":[[],[],[],[],[],[],[],[],[],[],[],[],[],[],[],[],[],["DistilledChaos"],[],[],[],[],[],[],[],[],[],[],[],[],[],[],[],[],["Explosive Potion"],[],[],[],[],[],[],[],[],[],[],[],[],["Energy Potion"],[],[],[],[],[],[],[],[],[]]}