{"neow_bonuses_skipped_log":["RANDOM_COLORLESS","THREE_SMALL_POTIONS","RANDOM_COLORLESS_2"],"neow_costs_skipped_log":["NONE","NONE","PERCENT_DAMAGE"],"potions_obtained_entropic_brew":[[],[],[],[],[],[],[],[],[],[],[],[],[],[],[],[],[],[],[],[],[],[],[],[],[],[],[],[],[],[],[],[],[],[],[],[],[],[],[],[],[],[],[],[],[],[]],"gold_per_floor":[109,125,125,142,10,10,30,60,136,136,61,78,111,126,126,204,204,219,231,231,241,258,291,291,335,381,381,381,423,423,423,423,497,551,570,588,597,136,136,136,171,190,276,276,286,286],"floor_reached":46,"playtime":6061,"items_purged":["Defend_P","CrushJoints"],"score":1257,"play_id":"82a2de00-7451-49ac-8c58-b4a34e8740f3","local_time":"20240121102727","score_breakdown":["Floors Climbed (46): 230","Enemies Slain (13): 26","Exordium Elites Killed (2): 20","City Elites Killed (3): 60","Beyond Elites Killed (1): 30","Bosses Slain (2): 150","Well Fed: 25","Champion (2): 50","Perfect (1): 50","Ascension (20): 616"],"is_ascension_mode":true,"potions_obtained_alchemize":[[],[],[],[],[],[],[],[],[],[],[],[],[],[],[],[],[],[],[],[],[],[],[],[],[],[],[],[],[],[],[],[],[],[],[],[],[],[],[],[],[],[],[],[],[],[]],"campfire_choices":[{"data":"Eruption","floor":6.0,"key":"SMITH"},{"data":"Vault","floor":10.0,"key":"SMITH"},{"data":"WheelKick","floor":15.0,"key":"SMITH"},{"data":"Wallop","floor":24.0,"key":"SMITH"},{"data":"Alpha","floor":30.0,"key":"SMITH"},{"data":"Wireheading","floor":32.0,"key":"SMITH"},{"data":"Meditate","floor":40,"key":"SMITH"}],"lesson_learned_per_floor":[[],[],[],[],[],[],[],[],[],[],[],[],[],[],[],[],[],[],[],[],[],[],[],[],[],[],[],[],[],[],[],[],[],[],[],[],[],[],[],[],[],[],[],[],[],[]],"neow_cost":"NONE","improvable_cards":{},"seed_source_timestamp":0,"shop_contents":[{"floor":5,"relics":["Pantograph","Juzu Bracelet","TheAbacus"],"cards":["WheelKick","TalkToTheHand","Evaluate","Prostrate","Wireheading","Swift Strike","Magnetism"],"potions":["Dexterity Potion","Explosive Potion"]},{"floor":38,"relics":["Blue Candle"],"cards":["SignatureMove","Brilliance","Perseverance","BattleHymn","Flash of Steel","Magnetism"],"potions":["SpeedPotion","Strength Potion","Block Potion"]}],"circlet_count":0,"master_deck":["AscendersBane","Eruption+1","Vigilance","Indignation","Wireheading+1","BowlingBash","Wallop+1","Vault+1","FollowUp","Weave","WheelKick+1","Alpha+1","ClearTheMind","ThirdEye+1","CutThroughFate","InnerPeace+1","MentalFortress","Adaptation","Vault","Ragnarok","Meditate+1","FearNoEvil","Adaptation","Devotion","TalkToTheHand+1","Madness","Madness","Dark Shackles","WaveOfTheHand","TalkToTheHand","Regret"],"special_seed":0,"potion_use_per_floor":[[],[],[],[],[],[],[],["Block Potion"],[],[],[],[],[],[],[],[],[],["Swift Potion"],[],[],[],[],["AttackPotion"],[],["ColorlessPotion"],[],[],[],["ColorlessPotion"],[],[],[],[],[],[],[],[],[],[],[],["SkillPotion"],[],[],[],[],["PowerPotion","SteroidPotion"]],"relics":["Black Star","Letter Opener","InkBottle","TeardropLocket","Shuriken","Bag of Preparation","Cursed Key","Pear","Omamori","Bag of Marbles","CeramicFish","Damaru","Mercury Hourglass","MealTicket","Pandora\u0027s Box","Strange Spoon","PreservedInsect","Singing Bowl","StoneCalendar","Bottled Tornado"],"potions_floor_usage":[41,46,46],"damage_taken":[{"damage":7.0,"enemies":"Jaw Worm","floor":1.0,"turns":5.0},{"damage":0.0,"enemies":"Cultist","floor":2.0,"turns":2.0},{"damage":14.0,"enemies":"Small Slimes","floor":4.0,"turns":8.0},{"damage":6.0,"enemies":"3 Louse","floor":7.0,"turns":3.0},{"damage":3.0,"enemies":"Lagavulin","floor":8.0,"turns":6.0},{"damage":0.0,"enemies":"2 Fungi Beasts","floor":12.0,"turns":3.0},{"damage":0.0,"enemies":"Gremlin Nob","floor":13.0,"turns":3.0},{"damage":0.0,"enemies":"Gremlin Gang","floor":14.0,"turns":3.0},{"damage":0.0,"enemies":"Slime Boss","floor":16.0,"turns":6.0},{"damage":0.0,"enemies":"Shell Parasite","floor":18.0,"turns":2.0},{"damage":0.0,"enemies":"Spheric Guardian","floor":19.0,"turns":2.0},{"damage":1.0,"enemies":"Centurion and Healer","floor":21.0,"turns":8.0},{"damage":0.0,"enemies":"Snake Plant","floor":22.0,"turns":2.0},{"damage":7.0,"enemies":"Gremlin Leader","floor":23.0,"turns":4.0},{"damage":12.0,"enemies":"Book of Stabbing","floor":25.0,"turns":4.0},{"damage":0.0,"enemies":"Slavers","floor":29.0,"turns":3.0},{"damage":21.0,"enemies":"Collector","floor":33.0,"turns":5.0},{"damage":0,"enemies":"Orb Walker","floor":35,"turns":3},{"damage":11,"enemies":"Nemesis","floor":41,"turns":7},{"damage":12,"enemies":"3 Shapes","floor":42,"turns":7},{"damage":14,"enemies":"Maw","floor":45,"turns":6},{"damage":35,"enemies":"Reptomancer","floor":46,"turns":2}],"seed_played":"-8962459175830029754","neow_bonus_log":{"cardsObtained":[],"cardsUpgraded":[],"cardsRemoved":[],"cardsTransformed":[],"relicsObtained":["Black Star"],"maxHpGained":0,"goldGained":0,"damageTaken":0,"goldLost":0,"maxHpLost":0},"potions_obtained":[{"floor":4.0,"key":"Explosive Potion"},{"floor":7.0,"key":"Block Potion"},{"floor":18.0,"key":"AttackPotion"},{"floor":19.0,"key":"PowerPotion"},{"floor":23.0,"key":"ColorlessPotion"},{"floor":25.0,"key":"ColorlessPotion"},{"floor":33.0,"key":"SkillPotion"},{"floor":41,"key":"Weak Potion"},{"floor":42,"key":"SteroidPotion"}],"is_trial":false,"path_per_floor":["M","M","?","M","$","R","M","E","T","R","?","M","E","M","R","B",null,"M","M","?","M","M","E","R","E","T","?","?","E","R","?","R","B",null,"M","?","?","$","T","R","E","M","T","T","M","E"],"character_chosen":"WATCHER","basemod:card_modifiers":[null,null,null,null,null,null,null,null,null,null,null,null,null,null,null,null,null,null,null,null,null,null,null,null,null,null,null,null,null,null,null],"items_purchased":["Swift Potion","Strange Spoon","PreservedInsect","WaveOfTheHand"],"campfire_rested":0,"item_purchase_floors":[5,38,38,38],"current_hp_per_floor":[54,54,54,40,40,40,34,31,31,31,31,31,31,31,31,31,59,59,59,40,39,39,42,42,30,30,30,30,30,30,30,30,9,65,65,50,45,60,60,60,49,39,39,39,27,0],"gold":286,"neow_bonus":"BOSS_RELIC","is_prod":false,"is_daily":false,"rewards_skipped":[],"chose_seed":false,"campfire_upgraded":7,"win_rate":0,"floor_exit_playtime":[161,187,206,383,460,468,558,731,735,755,803,879,983,1102,1128,1382,1473,1677,1738,1767,2080,2138,2320,2361,2611,2630,2683,2687,2905,2926,3006,3043,3220,3274,3461,4120,4272,4488,4565,4579,4981,5270,5275,5278,5757],"timestamp":1705850847,"blue_key_relic_skipped_log":{"floor":43,"relicID":"Mummified Hand"},"path_taken":["M","M","?","?","$","R","M","E","T","R","?","?","E","M","R","BOSS","M","M","?","M","M","E","R","E","T","?","?","E","R","?","R","BOSS","M","?","?","$","?","R","E","?","T","?","M","E"],"build_version":"2022-12-01","purchased_purges":2,"victory":false,"max_hp_per_floor":[68,68,68,68,68,68,68,68,68,68,68,68,68,68,68,68,68,68,68,73,73,73,83,83,83,83,83,83,83,83,83,83,83,83,83,83,83,83,83,83,83,85,85,85,87,87],"relic_stats":{"Singing Bowl":4,"counters":[22,94],"CeramicFish":135,"StoneCalendar":[4],"PreservedInsect":127,"Bag of Preparation":[30],"Omamori":2,"Letter Opener":[103],"Bottled Tornado":"Wireheading","Cursed Key":3,"Mercury Hourglass":[129],"Strange Spoon":[19],"Shuriken":[24],"MealTicket":15,"Pandora\u0027s Box":["Ragnarok","CrushJoints","Meditate","FearNoEvil","Adaptation","Devotion"],"Black Star":6,"obtain_stats":[{"Pear":23,"Singing Bowl":39,"CeramicFish":25,"Damaru":26,"StoneCalendar":41,"PreservedInsect":38,"Bag of Preparation":13,"Omamori":23,"Letter Opener":8,"TeardropLocket":9,"Bottled Tornado":41,"Cursed Key":17,"Mercury Hourglass":29,"Strange Spoon":38,"Shuriken":13,"MealTicket":29,"Pandora\u0027s Box":34,"Black Star":0,"Bag of Marbles":25,"PureWater":0,"InkBottle":8},{"Pear":14,"Singing Bowl":18,"CeramicFish":15,"Damaru":15,"StoneCalendar":19,"PreservedInsect":18,"Bag of Preparation":7,"Omamori":14,"Letter Opener":5,"TeardropLocket":5,"Bottled Tornado":19,"Cursed Key":9,"Mercury Hourglass":16,"Strange Spoon":18,"Shuriken":7,"MealTicket":16,"Pandora\u0027s Box":17,"Black Star":0,"Bag of Marbles":15,"PureWater":0,"InkBottle":5},{"Pear":57,"Singing Bowl":72,"CeramicFish":61,"Damaru":61,"StoneCalendar":79,"PreservedInsect":72,"Bag of Preparation":30,"Omamori":57,"Letter Opener":24,"TeardropLocket":24,"Bottled Tornado":79,"Cursed Key":39,"Mercury Hourglass":64,"Strange Spoon":72,"Shuriken":30,"MealTicket":64,"Pandora\u0027s Box":69,"Black Star":0,"Bag of Marbles":61,"PureWater":0,"InkBottle":24}],"InkBottle":[30]},"card_choices":[{"not_picked":["BowlingBash","ThirdEye"],"picked":"Indignation","floor":1.0},{"not_picked":["PathToVictory","Perseverance"],"picked":"Wireheading","floor":2.0},{"not_picked":["Prostrate","Evaluate"],"picked":"BowlingBash","floor":4.0},{"not_picked":["EmptyBody","MentalFortress"],"picked":"Wallop","floor":7.0},{"not_picked":["BattleHymn","CutThroughFate"],"picked":"Vault","floor":8.0},{"not_picked":["JustLucky","Nirvana"],"picked":"FollowUp","floor":12.0},{"not_picked":["FollowUp","Crescendo"],"picked":"Weave","floor":13.0},{"not_picked":["FlyingSleeves","ClearTheMind"],"picked":"WheelKick","floor":14.0},{"not_picked":["Brilliance","Judgement"],"picked":"Alpha","floor":16.0},{"not_picked":["DeceiveReality","Consecrate"],"picked":"ClearTheMind","floor":18.0},{"not_picked":["Weave","FollowUp+1"],"picked":"ThirdEye","floor":19.0},{"not_picked":["JustLucky","Wish"],"picked":"CutThroughFate","floor":21.0},{"not_picked":["Meditate","ThirdEye"],"picked":"InnerPeace+1","floor":22.0},{"not_picked":["Worship+1","FlyingSleeves"],"picked":"MentalFortress","floor":23.0},{"not_picked":["JustLucky","BowlingBash"],"picked":"Adaptation","floor":25.0},{"not_picked":["EmptyBody","Prostrate"],"picked":"Vault","floor":29.0},{"not_picked":["DevaForm","Judgement","Ragnarok"],"picked":"SKIP","floor":33.0},{"not_picked":["ReachHeaven","FollowUp"],"picked":"TalkToTheHand+1","floor":35},{"not_picked":["Deep Breath","Secret Weapon"],"picked":"Dark Shackles","floor":37},{"not_picked":["Swift Strike","Enlightenment","Good Instincts"],"picked":"SKIP","floor":37},{"not_picked":["Weave","Halt"],"picked":"TalkToTheHand","floor":41},{"not_picked":["Wireheading","InnerPeace+1","FlyingSleeves+1"],"picked":"Singing Bowl","floor":42},{"not_picked":["JustLucky","FlurryOfBlows","Fasting2"],"picked":"Singing Bowl","floor":45}],"player_experience":155849,"relics_obtained":[{"floor":8.0,"key":"Letter Opener"},{"floor":8.0,"key":"InkBottle"},{"floor":9.0,"key":"TeardropLocket"},{"floor":13.0,"key":"Shuriken"},{"floor":13.0,"key":"Bag of Preparation"},{"floor":23.0,"key":"Pear"},{"floor":23.0,"key":"Omamori"},{"floor":25.0,"key":"Bag of Marbles"},{"floor":25.0,"key":"CeramicFish"},{"floor":26.0,"key":"Damaru"},{"floor":29.0,"key":"Mercury Hourglass"},{"floor":29.0,"key":"MealTicket"},{"floor":39,"key":"Singing Bowl"},{"floor":41,"key":"StoneCalendar"},{"floor":41,"key":"Bottled Tornado"}],"event_choices":[{"damage_healed":0.0,"max_hp_gain":0.0,"max_hp_loss":0.0,"gold_gain":0.0,"event_name":"Scrap Ooze","player_choice":"Fled","floor":3.0,"gold_loss":0.0,"damage_taken":0.0},{"cards_removed":["Defend_P"],"damage_healed":0.0,"max_hp_gain":0.0,"max_hp_loss":0.0,"gold_gain":0.0,"event_name":"The Cleric","player_choice":"Card Removal","floor":11.0,"gold_loss":75.0,"damage_taken":0.0},{"damage_healed":0.0,"max_hp_gain":5.0,"max_hp_loss":0.0,"gold_gain":0.0,"event_name":"Forgotten Altar","player_choice":"Shed Blood","floor":20.0,"gold_loss":0.0,"damage_taken":24.0},{"damage_healed":0.0,"max_hp_gain":0.0,"max_hp_loss":0.0,"gold_gain":0.0,"event_name":"Accursed Blacksmith","player_choice":"Forge","floor":27.0,"gold_loss":0.0,"damage_taken":0.0,"cards_upgraded":["ThirdEye"]},{"damage_healed":0.0,"max_hp_gain":0.0,"max_hp_loss":0.0,"gold_gain":0.0,"event_name":"The Mausoleum","player_choice":"Ignored","floor":28.0,"gold_loss":0.0,"damage_taken":0.0},{"damage_healed":0.0,"max_hp_gain":0.0,"max_hp_loss":0.0,"gold_gain":0.0,"event_name":"Vampires","player_choice":"Ignored","floor":31.0,"gold_loss":0.0,"damage_taken":0.0},{"damage_healed":0,"gold_gain":0,"player_choice":"Embrace Madness","damage_taken":15,"max_hp_gain":0,"max_hp_loss":0,"event_name":"Winding Halls","floor":36,"gold_loss":0,"cards_obtained":["Madness","Madness"]},{"damage_healed":0,"gold_gain":0,"player_choice":"Memory 2","damage_taken":5,"max_hp_gain":0,"max_hp_loss":0,"event_name":"SensoryStone","floor":37,"gold_loss":0}],"is_beta":false,"boss_relics":[{"not_picked":["Sozu","VioletLotus"],"picked":"Cursed Key"},{"not_picked":["SacredBark","Philosopher\u0027s Stone"],"picked":"Pandora\u0027s Box"}],"items_purged_floors":[5,38],"is_endless":false,"potions_floor_spawned":[4,7,18,19,23,25,33,41,42],"killed_by":"Reptomancer","ascension_level":20,"potion_discard_per_floor":[[],[],[],[],[],[],["Explosive Potion"],[],[],[],[],[],[],[],[],[],[],[],[],[],[],[],[],[],[],[],[],[],[],[],[],[],[],[],[],[],[],[],[],[],[],["Weak Potion"],[],[],[],[]]}