{"neow_bonuses_skipped_log":["THREE_CARDS","THREE_RARE_CARDS","BOSS_RELIC"],"neow_costs_skipped_log":["NONE","NO_GOLD","NONE"],"potions_obtained_entropic_brew":[[],[],[],[],[],[],[],[],[],[],[],[],[],[],[],[],[],[],[],[],[],[],[],[],[],[],[],[],[],[],[],[],[],[],[],[],[],[],[],[],[],[],[],[],[],[],[],[]],"gold_per_floor":[109,109,34,50,21,21,57,57,81,105,121,160,178,212,212,305,305,320,334,334,349,349,349,349,87,87,87,112,112,148,168,168,264,264,277,277,277,291,307,307,182,220,220,220,136,136,136,136],"floor_reached":48,"playtime":5603,"items_purged":["Defend_P","Defend_P","Defend_P"],"score":1047,"play_id":"c74ef52d-8a27-4ebf-a327-9f21c96b106e","local_time":"20240208121008","score_breakdown":["Floors Climbed (48): 240","Enemies Slain (13): 26","Exordium Elites Killed (2): 20","City Elites Killed (1): 20","Beyond Elites Killed (1): 30","Bosses Slain (2): 150","Collector (1): 25","Champion (1): 25","Ascension (20): 511"],"is_ascension_mode":true,"potions_obtained_alchemize":[[],[],[],[],[],[],[],[],[],[],[],[],[],[],[],[],[],[],[],[],[],[],[],[],[],[],[],[],[],[],[],[],[],[],[],[],[],[],[],[],[],[],[],[],[],[],[],[]],"campfire_choices":[{"data":"Crescendo","floor":6.0,"key":"SMITH"},{"data":"Eruption","floor":8.0,"key":"SMITH"},{"data":"Wireheading","floor":15.0,"key":"SMITH"},{"data":"Meditate","floor":23.0,"key":"SMITH"},{"data":"Collect","floor":27.0,"key":"SMITH"},{"data":"Alpha","floor":32.0,"key":"SMITH"},{"data":"Scrawl","floor":40.0,"key":"SMITH"},{"data":"Defend_P","floor":44.0,"key":"PURGE"},{"floor":46.0,"key":"RECALL"}],"lesson_learned_per_floor":[[],[],[],[],[],[],[],[],[],[],[],[],[],[],[],[],[],[],[],[],[],[],[],[],[],[],[],[],[],[],[],[],[],[],[],[],[],[],[],[],[],[],[],[],[],[],[],[]],"neow_cost":"NONE","improvable_cards":{},"seed_source_timestamp":181687074676250,"shop_contents":[{"floor":3,"relics":["CaptainsWheel","Matryoshka","Membership Card"],"cards":["WindmillStrike","Consecrate","Pray","Halt","Study","Impatience","Sadistic Nature"],"potions":["LiquidBronze","Energy Potion","AttackPotion"]},{"floor":5,"relics":["Nunchaku","Frozen Egg 2","HandDrill"],"cards":["Ragnarok","WindmillStrike","SpiritShield","Nirvana","Jack Of All Trades","Chrysalis"],"potions":["StancePotion","Fire Potion","PowerPotion"]},{"floor":25,"relics":["Art of War","Pear"],"cards":["Tantrum","ReachHeaven","DeceiveReality","Worship","Nirvana","Swift Strike","Transmutation"],"potions":["Strength Potion","Regen Potion","Explosive Potion"]},{"floor":41,"relics":["Eternal Feather","Toy Ornithopter","Cauldron"],"cards":["Ragnarok","FlyingSleeves","PathToVictory","Alpha","BattleHymn","Blind","Transmutation"],"potions":["Block Potion","EntropicBrew","BlessingOfTheForge"]},{"floor":45,"relics":["Bottled Flame","Molten Egg 2","Lee\u0027s Waffle"],"cards":["CrushJoints","ThirdEye","Blasphemy","BattleHymn","Good Instincts","Transmutation"],"potions":["SteroidPotion","FearPotion","SkillPotion"]}],"circlet_count":0,"master_deck":["AscendersBane","Eruption+1","Vigilance","Indignation","DeceiveReality","Crescendo+1","Wireheading+1","Meditate+1","Collect+1","Alpha+1","Prostrate+1","Consecrate+1","Bite","Bite","Bite","Bite","Scrawl+1","MentalFortress","Finesse","Wallop","Thinking Ahead"],"special_seed":0,"potion_use_per_floor":[[],[],[],[],[],[],[],[],[],[],[],[],[],["Strength Potion"],[],[],[],["SpeedPotion"],[],[],["BottledMiracle"],[],[],[],[],[],[],[],[],[],["ColorlessPotion"],[],[],[],["AttackPotion"],[],[],[],[],[],[],["ColorlessPotion"],[],[],[],[],[],["Explosive Potion"]],"relics":["PureWater","NeowsBlessing","Golden Idol","InkBottle","Centennial Puzzle","Anchor","Odd Mushroom","Coffee Dripper","Mummified Hand","PrismaticShard","Pantograph","Ornamental Fan","Black Star","Peace Pipe","Mercury Hourglass"],"potions_floor_usage":[48],"damage_taken":[{"damage":0.0,"enemies":"Jaw Worm","floor":1.0,"turns":1.0},{"damage":0.0,"enemies":"Cultist","floor":4.0,"turns":1.0},{"damage":0.0,"enemies":"Gremlin Nob","floor":7.0,"turns":1.0},{"damage":0.0,"enemies":"2 Louse","floor":10.0,"turns":3.0},{"damage":0.0,"enemies":"Gremlin Gang","floor":11.0,"turns":6.0},{"damage":3.0,"enemies":"Lagavulin","floor":12.0,"turns":7.0},{"damage":0.0,"enemies":"Blue Slaver","floor":13.0,"turns":2.0},{"damage":0.0,"enemies":"The Mushroom Lair","floor":14.0,"turns":4.0},{"damage":8.0,"enemies":"The Guardian","floor":16.0,"turns":14.0},{"damage":16.0,"enemies":"2 Thieves","floor":18.0,"turns":4.0},{"damage":32.0,"enemies":"Shell Parasite","floor":19.0,"turns":6.0},{"damage":2.0,"enemies":"Centurion and Healer","floor":21.0,"turns":12.0},{"damage":6.0,"enemies":"Snecko","floor":28.0,"turns":5.0},{"damage":22.0,"enemies":"Slavers","floor":30.0,"turns":5.0},{"damage":23.0,"enemies":"Cultist and Chosen","floor":31.0,"turns":6.0},{"damage":56.0,"enemies":"Automaton","floor":33.0,"turns":8.0},{"damage":1.0,"enemies":"Orb Walker","floor":35.0,"turns":3.0},{"damage":7.0,"enemies":"3 Shapes","floor":38.0,"turns":3.0},{"damage":16.0,"enemies":"Jaw Worm Horde","floor":39.0,"turns":3.0},{"damage":15.0,"enemies":"Reptomancer","floor":42.0,"turns":4.0},{"damage":114,"enemies":"Nemesis","floor":48,"turns":6}],"green_key_taken_log":7,"seed_played":"-5517408636864809713","neow_bonus_log":{"cardsObtained":[],"cardsUpgraded":[],"cardsRemoved":[],"cardsTransformed":[],"relicsObtained":["NeowsBlessing"],"maxHpGained":0,"goldGained":0,"damageTaken":0,"goldLost":0,"maxHpLost":0},"potions_obtained":[{"floor":10.0,"key":"Strength Potion"},{"floor":11.0,"key":"SkillPotion"},{"floor":13.0,"key":"Strength Potion"},{"floor":16.0,"key":"SpeedPotion"},{"floor":19.0,"key":"BottledMiracle"},{"floor":30.0,"key":"ColorlessPotion"},{"floor":33.0,"key":"AttackPotion"},{"floor":35.0,"key":"LiquidBronze"},{"floor":39.0,"key":"ColorlessPotion"},{"floor":42.0,"key":"Explosive Potion"}],"is_trial":false,"path_per_floor":["M","?","$","M","$","R","E","R","T","M","M","E","M","?","R","B",null,"M","M","?","M","T","R","?","$","T","R","M","?","E","M","R","B",null,"M","?","?","M","M","R","$","E","T","R","$","R","?","E"],"character_chosen":"WATCHER","basemod:card_modifiers":[null,null,null,null,null,null,null,null,null,null,null,null,null,null,null,null,null,null,null,null,null],"items_purchased":["Crescendo","PrismaticShard","Wallop"],"campfire_rested":0,"item_purchase_floors":[5,25,45],"current_hp_per_floor":[61,38,38,38,38,38,38,38,38,38,38,35,35,35,35,27,58,42,10,10,47,47,47,47,47,47,47,47,47,37,24,24,11,38,43,43,43,40,34,34,34,37,37,37,37,37,32,0],"gold":136,"neow_bonus":"THREE_ENEMY_KILL","is_prod":false,"is_daily":false,"rewards_skipped":[],"chose_seed":false,"campfire_upgraded":7,"win_rate":0,"floor_exit_playtime":[170,208,222,253,275,307,376,400,403,508,725,1222,1316,1539,1575,2224,2358,2560,2881,2891,3205,3209,3223,3229,3465,3481,3490,3699,3709,3872,4131,4142,4459,4511,4628,4632,4649,4725,4850,4866,4913,5172,5177,5226,5245,5266,5370],"timestamp":1707412208,"blue_key_relic_skipped_log":{"floor":43,"relicID":"Darkstone Periapt"},"path_taken":["M","?","$","M","$","R","E","R","T","M","M","E","M","?","R","BOSS","M","M","?","M","?","R","?","$","T","R","M","?","E","M","R","BOSS","M","?","?","?","M","R","$","E","T","R","?","R","?","E"],"build_version":"2022-12-01","purchased_purges":3,"victory":false,"max_hp_per_floor":[68,68,68,68,68,68,68,68,68,68,68,68,68,68,68,68,68,68,68,47,47,47,47,47,47,47,47,47,47,47,47,47,47,47,47,47,47,47,47,47,47,47,47,47,47,47,47,47],"relic_stats":{"Peace Pipe":1,"Centennial Puzzle":[42],"counters":[21,104],"Golden Idol":117,"Mummified Hand":[26],"Ornamental Fan":[36],"Pantograph":23,"Black Star":1,"PureWater":[18],"obtain_stats":[{"NeowsBlessing":0,"Golden Idol":2,"Odd Mushroom":14,"PrismaticShard":25,"Mercury Hourglass":42,"Peace Pipe":42,"Centennial Puzzle":9,"Anchor":12,"Mummified Hand":22,"Ornamental Fan":30,"Pantograph":26,"Coffee Dripper":17,"Black Star":34,"PureWater":0,"InkBottle":7},{"NeowsBlessing":0,"Golden Idol":1,"Odd Mushroom":8,"PrismaticShard":12,"Mercury Hourglass":20,"Peace Pipe":20,"Centennial Puzzle":3,"Anchor":6,"Mummified Hand":12,"Ornamental Fan":14,"Pantograph":12,"Coffee Dripper":9,"Black Star":16,"PureWater":0,"InkBottle":3},{"NeowsBlessing":0,"Golden Idol":1,"Odd Mushroom":25,"PrismaticShard":61,"Mercury Hourglass":98,"Peace Pipe":98,"Centennial Puzzle":3,"Anchor":19,"Mummified Hand":61,"Ornamental Fan":71,"Pantograph":61,"Coffee Dripper":39,"Black Star":85,"PureWater":0,"InkBottle":3}],"InkBottle":[52],"Mercury Hourglass":[12]},"card_choices":[{"not_picked":["Swivel","CrushJoints"],"picked":"Indignation","floor":1.0},{"not_picked":["EmptyFist","FlyingSleeves"],"picked":"DeceiveReality","floor":4.0},{"not_picked":["Prostrate","ThirdEye","DeceiveReality"],"picked":"SKIP","floor":7.0},{"not_picked":["FlyingSleeves","CutThroughFate"],"picked":"Wireheading","floor":10.0},{"not_picked":["PathToVictory","ForeignInfluence"],"picked":"Meditate","floor":11.0},{"not_picked":["PathToVictory","BattleHymn","WreathOfFlame"],"picked":"SKIP","floor":12.0},{"not_picked":["WreathOfFlame","JustLucky"],"picked":"Collect","floor":13.0},{"not_picked":["Weave","Wish","Protect"],"picked":"SKIP","floor":14.0},{"not_picked":["Vault","Blasphemy"],"picked":"Alpha","floor":16.0},{"not_picked":["PathToVictory","SashWhip+1"],"picked":"Prostrate+1","floor":18.0},{"not_picked":["Protect","WaveOfTheHand"],"picked":"Consecrate+1","floor":19.0},{"not_picked":["Protect","BattleHymn","Evaluate"],"picked":"SKIP","floor":21.0},{"not_picked":["Blade Dance","Halt","Streamline"],"picked":"SKIP","floor":28.0},{"not_picked":["Redo+1","Sunder","Sweeping Beam"],"picked":"SKIP","floor":30.0},{"not_picked":["Second Wind","Reflex","Flying Knee"],"picked":"SKIP","floor":31.0},{"not_picked":["Wish","Barricade"],"picked":"Scrawl","floor":33.0},{"not_picked":["Barrage","CarveReality","Deep Breath"],"picked":"SKIP","floor":35.0},{"not_picked":["Cleave","Iron Wave"],"picked":"MentalFortress","floor":38.0},{"not_picked":["Havoc","Barrage"],"picked":"Finesse","floor":39.0},{"not_picked":["EmptyBody+1","Double Tap","Flying Knee"],"picked":"SKIP","floor":42.0},{"not_picked":["Dramatic Entrance","Swift Strike"],"picked":"Thinking Ahead","floor":47.0},{"not_picked":["Magnetism","Mind Blast","Forethought"],"picked":"SKIP","floor":47.0}],"player_experience":201653,"relics_obtained":[{"floor":7.0,"key":"InkBottle"},{"floor":9.0,"key":"Centennial Puzzle"},{"floor":12.0,"key":"Anchor"},{"floor":14.0,"key":"Odd Mushroom"},{"floor":22.0,"key":"Mummified Hand"},{"floor":26.0,"key":"Pantograph"},{"floor":30.0,"key":"Ornamental Fan"},{"floor":42.0,"key":"Peace Pipe"},{"floor":42.0,"key":"Mercury Hourglass"}],"event_choices":[{"damage_healed":0.0,"max_hp_gain":0.0,"max_hp_loss":0.0,"gold_gain":0.0,"event_name":"Golden Idol","player_choice":"Take Damage","floor":2.0,"gold_loss":0.0,"damage_taken":23.0,"relics_obtained":["Golden Idol"]},{"damage_healed":0.0,"max_hp_gain":0.0,"max_hp_loss":0.0,"gold_gain":0.0,"event_name":"Mushrooms","player_choice":"Fought Mushrooms","floor":14.0,"gold_loss":0.0,"damage_taken":0.0},{"damage_healed":0.0,"max_hp_gain":0.0,"max_hp_loss":21.0,"gold_gain":0.0,"event_name":"Vampires","player_choice":"Became a vampire","floor":20.0,"gold_loss":0.0,"damage_taken":0.0,"cards_obtained":["Bite","Bite","Bite","Bite","Bite"]},{"damage_healed":0.0,"max_hp_gain":0.0,"max_hp_loss":0.0,"gold_gain":0.0,"event_name":"Ghosts","player_choice":"Ignored","floor":24.0,"gold_loss":0.0,"damage_taken":0.0},{"cards_removed":["Bite"],"damage_healed":0.0,"max_hp_gain":0.0,"max_hp_loss":0.0,"gold_gain":0.0,"event_name":"Purifier","player_choice":"Purged","floor":29.0,"gold_loss":0.0,"damage_taken":0.0},{"damage_healed":0.0,"max_hp_gain":0.0,"max_hp_loss":0.0,"gold_gain":0.0,"event_name":"Tomb of Lord Red Mask","player_choice":"Ignored","floor":36.0,"gold_loss":0.0,"damage_taken":0.0},{"damage_healed":0.0,"max_hp_gain":0.0,"max_hp_loss":0.0,"gold_gain":0.0,"event_name":"Mysterious Sphere","player_choice":"Ignored","floor":37.0,"gold_loss":0.0,"damage_taken":0.0},{"damage_healed":0.0,"max_hp_gain":0.0,"max_hp_loss":0.0,"gold_gain":0.0,"event_name":"SensoryStone","player_choice":"Memory 2","floor":47.0,"gold_loss":0.0,"damage_taken":5.0}],"is_beta":false,"boss_relics":[{"not_picked":["SlaversCollar","Busted Crown"],"picked":"Coffee Dripper"},{"not_picked":["Pandora\u0027s Box","Astrolabe"],"picked":"Black Star"}],"items_purged_floors":[3,25,41],"is_endless":false,"potions_floor_spawned":[10,11,13,16,19,30,33,35,39,42],"killed_by":"Nemesis","ascension_level":20,"potion_discard_per_floor":[[],[],[],[],[],[],[],[],[],[],[],[],["SkillPotion"],[],[],[],[],[],[],[],[],[],[],[],[],[],[],[],[],[],[],[],[],[],[],[],[],[],["LiquidBronze"],[],[],[],[],[],[],[],[],[]]}