{"neow_bonuses_skipped_log":["ONE_RANDOM_RARE_CARD","THREE_SMALL_POTIONS","REMOVE_TWO"],"potions_obtained_entropic_brew":[[],[],[],[],[],[],[],[],[],[],[],[],[],[],[],[],[],[],[],[],[],[],[],[],[],[],[],[],[],[],[],[],[],[],[],[],[],[],[],[],[],[]],"neow_costs_skipped_log":["NONE","NONE","PERCENT_DAMAGE"],"gold_per_floor":[111,36,36,49,59,75,92,92,92,121,70,95,95,111,111,212,212,228,243,143,143,153,153,32,32,56,85,14,14,27,40,40,136,136,146,146,161,36,48,48,61,61],"floor_reached":42,"playtime":2921,"items_purged":["Defend_P","Defend_P","Decay"],"score":530,"play_id":"59020d21-d4a3-4417-9c34-34528e48562a","local_time":"20240303093833","score_breakdown":["Floors Climbed (42): 210","Enemies Slain (15): 30","Exordium Elites Killed (2): 20","City Elites Killed (1): 20","Beyond Elites Killed (0): 0","Bosses Slain (2): 150","Champion (2): 50","Perfect (1): 50"],"is_ascension_mode":false,"potions_obtained_alchemize":[[],[],[],[],[],[],[],[],[],[],[],[],[],[],[],[],[],[],[],[],[],[],[],[],[],[],[],[],[],[],[],[],[],[],[],[],[],[],[],[],[],[]],"campfire_choices":[{"data":"WheelKick","floor":8.0,"key":"SMITH"},{"data":"Prostrate","floor":13.0,"key":"SMITH"},{"data":"Vault","floor":15.0,"key":"SMITH"},{"floor":23.0,"key":"REST"},{"floor":25.0,"key":"REST"},{"data":"TalkToTheHand","floor":29.0,"key":"SMITH"},{"floor":32.0,"key":"REST"},{"floor":40,"key":"REST"}],"lesson_learned_per_floor":[[],[],[],[],[],[],[],[],[],[],[],[],[],[],[],[],[],[],[],[],[],[],[],[],[],[],[],[],[],[],[],[],[],[],[],[],[],[],[],[],[],[]],"neow_cost":"NONE","improvable_cards":{},"seed_source_timestamp":0,"shop_contents":[{"floor":2,"relics":["Tiny Chest","Darkstone Periapt","TheAbacus"],"cards":["Ragnarok","SashWhip","EmptyMind","Indignation","Fasting2","Trip","Master of Strategy"],"potions":["AttackPotion","Dexterity Potion","SkillPotion"]},{"floor":11,"relics":["Centennial Puzzle","Bottled Lightning","Lee\u0027s Waffle"],"cards":["FearNoEvil","WindmillStrike","DeceiveReality","Evaluate","Fasting2","Jack Of All Trades","Chrysalis"],"potions":["SpeedPotion","SmokeBomb"]},{"floor":20,"relics":["Strawberry","CaptainsWheel","HandDrill"],"cards":["FlurryOfBlows","JustLucky","Halt","ClearTheMind","BattleHymn","Deep Breath","Metamorphosis"],"potions":["Explosive Potion","Fire Potion","AttackPotion"]},{"floor":24,"relics":["Question Card","Dead Branch","Toolbox"],"cards":["FlurryOfBlows","PathToVictory","Fasting2","Panacea","The Bomb"],"potions":["DistilledChaos","SmokeBomb","LiquidMemories"]},{"floor":28,"relics":["Blue Candle","Gambling Chip","OrangePellets"],"cards":["LessonLearned","ReachHeaven","Worship","Halt","Trip","Magnetism"],"potions":["EssenceOfSteel","LiquidBronze","BottledMiracle"]},{"floor":38,"relics":["InkBottle","Bag of Marbles","Strange Spoon"],"cards":["CutThroughFate","Consecrate","Halt","EmptyBody","MentalFortress","Enlightenment","Master of Strategy"],"potions":["ColorlessPotion","SmokeBomb","PowerPotion"]}],"circlet_count":0,"master_deck":["Strike_P","Strike_P","Strike_P","Strike_P","Defend_P","Defend_P","Eruption+1","Vigilance","Prostrate+1","FlurryOfBlows","WheelKick+1","FlurryOfBlows","Prostrate","Vault+1","Devotion","Collect","Indignation+1","Adaptation+1","TalkToTheHand+1","ThirdEye","CutThroughFate+1","Adaptation","EmptyMind","ClearTheMind","ClearTheMind+1"],"special_seed":0,"potion_use_per_floor":[[],[],[],[],[],[],["ColorlessPotion"],[],[],["DuplicationPotion"],[],["FearPotion","AttackPotion"],[],[],[],[],[],[],["SteroidPotion"],[],[],["AttackPotion"],[],[],[],[],[],[],[],["FairyPotion"],[],[],[],[],["FearPotion","BlessingOfTheForge"],[],[],[],[],[],[],["FearPotion"]],"relics":["VioletLotus"],"potions_floor_usage":[35,35,42],"damage_taken":[{"damage":1.0,"enemies":"Jaw Worm","floor":1.0,"turns":5.0},{"damage":0.0,"enemies":"Cultist","floor":4.0,"turns":3.0},{"damage":0.0,"enemies":"Small Slimes","floor":5.0,"turns":2.0},{"damage":2.0,"enemies":"Looter","floor":6.0,"turns":5.0},{"damage":9.0,"enemies":"Lots of Slimes","floor":7.0,"turns":3.0},{"damage":0.0,"enemies":"Gremlin Nob","floor":10.0,"turns":2.0},{"damage":0.0,"enemies":"Lagavulin","floor":12.0,"turns":4.0},{"damage":20.0,"enemies":"Exordium Wildlife","floor":14.0,"turns":5.0},{"damage":0.0,"enemies":"Slime Boss","floor":16.0,"turns":6.0},{"damage":32.0,"enemies":"3 Byrds","floor":18.0,"turns":5.0},{"damage":5.0,"enemies":"Spheric Guardian","floor":19.0,"turns":4.0},{"damage":27.0,"enemies":"Cultist and Chosen","floor":22.0,"turns":5.0},{"damage":25.0,"enemies":"Gremlin Leader","floor":27.0,"turns":6.0},{"damage":38.0,"enemies":"Snecko","floor":30.0,"turns":5.0},{"damage":14.0,"enemies":"Shelled Parasite and Fungi","floor":31.0,"turns":5.0},{"damage":14.0,"enemies":"Champ","floor":33.0,"turns":6.0},{"damage":19,"enemies":"3 Darklings","floor":35,"turns":7},{"damage":25,"enemies":"Orb Walker","floor":37,"turns":6},{"damage":22,"enemies":"3 Darklings","floor":39,"turns":6},{"damage":2,"enemies":"Maw","floor":41,"turns":6},{"damage":26,"enemies":"Transient","floor":42,"turns":3}],"green_key_taken_log":12,"seed_played":"7219923947088080889","neow_bonus_log":{"cardsObtained":[],"cardsUpgraded":[],"cardsRemoved":[],"cardsTransformed":[],"relicsObtained":["VioletLotus"],"maxHpGained":0,"goldGained":0,"damageTaken":0,"goldLost":0,"maxHpLost":0},"potions_obtained":[{"floor":5.0,"key":"ColorlessPotion"},{"floor":7.0,"key":"DuplicationPotion"},{"floor":10.0,"key":"AttackPotion"},{"floor":14.0,"key":"FearPotion"},{"floor":16.0,"key":"SteroidPotion"},{"floor":19.0,"key":"AttackPotion"},{"floor":27.0,"key":"FairyPotion"},{"floor":33,"key":"BlessingOfTheForge"},{"floor":35,"key":"FearPotion"}],"is_trial":false,"path_per_floor":["M","$","?","M","M","M","M","R","T","E","$","E","R","M","R","B",null,"M","M","$","?","M","R","$","R","T","E","$","R","M","M","R","B",null,"M","?","M","$","M","R","M","M"],"character_chosen":"WATCHER","basemod:card_modifiers":[null,null,null,null,null,null,null,null,null,null,null,null,null,null,null,null,null,null,null,null,null,null,null,null,null],"items_purchased":["FearPotion","TalkToTheHand","ThirdEye","Adaptation"],"campfire_rested":4,"item_purchase_floors":[11,24,24,28],"current_hp_per_floor":[71,71,71,71,71,69,60,60,60,60,60,60,60,40,40,40,72,40,35,35,35,8,29,29,50,50,25,25,25,21,7,28,14,72,53,53,28,28,6,27,25,0],"gold":61,"neow_bonus":"BOSS_RELIC","is_prod":false,"is_daily":false,"rewards_skipped":[{"floor":9,"relics":["MealTicket"],"potions":[]},{"floor":10,"relics":["Singing Bowl"],"potions":[]},{"floor":12,"relics":["Ginger"],"potions":[]},{"floor":27,"relics":["Art of War"],"potions":[]}],"chose_seed":false,"campfire_upgraded":4,"win_rate":0,"floor_exit_playtime":[107,115,123,184,256,346,419,426,435,486,511,592,603,695,709,808,881,1012,1098,1120,1124,1313,1319,1340,1350,1370,1547,1560,1571,1676,1811,1814,2173,2234,2462,2475,2592,2602,2764,2768,2870],"timestamp":1709476713,"blue_key_relic_skipped_log":{"floor":26,"relicID":"Lantern"},"path_taken":["M","$","?","M","M","M","M","R","T","E","$","E","R","M","R","BOSS","M","M","$","?","?","R","?","R","T","E","$","R","M","M","R","BOSS","M","?","M","$","M","R","M","?"],"build_version":"2022-12-01","purchased_purges":3,"victory":false,"max_hp_per_floor":[72,72,72,72,72,72,72,72,72,72,72,72,72,72,72,72,72,72,72,72,72,72,72,72,72,72,72,72,72,72,72,72,72,72,72,72,72,72,72,72,72,72],"relic_stats":{"counters":[21,99],"VioletLotus":[19],"obtain_stats":[{"VioletLotus":0,"PureWater":0},{"VioletLotus":0,"PureWater":0},{"VioletLotus":0,"PureWater":0}]},"card_choices":[{"not_picked":["Protect","PathToVictory"],"picked":"Prostrate","floor":1.0},{"not_picked":["Meditate","Pray"],"picked":"FlurryOfBlows","floor":4.0},{"not_picked":["SignatureMove","Halt","Nirvana"],"picked":"SKIP","floor":5.0},{"not_picked":["SignatureMove","Halt","Nirvana"],"picked":"SKIP","floor":5.0},{"not_picked":["SignatureMove","Halt","Nirvana"],"picked":"SKIP","floor":5.0},{"not_picked":["Halt","Study","Evaluate"],"picked":"SKIP","floor":6.0},{"not_picked":["Evaluate","DeceiveReality"],"picked":"WheelKick","floor":7.0},{"not_picked":["FollowUp","FlyingSleeves"],"picked":"FlurryOfBlows","floor":10.0},{"not_picked":["EmptyBody","Protect"],"picked":"Prostrate","floor":12.0},{"not_picked":["LikeWater","Crescendo"],"picked":"Vault","floor":14.0},{"not_picked":["Ragnarok","DevaForm"],"picked":"Devotion","floor":16.0},{"not_picked":["DeceiveReality","Evaluate"],"picked":"Collect","floor":18.0},{"not_picked":["ClearTheMind","PathToVictory"],"picked":"Indignation+1","floor":19.0},{"not_picked":["Protect","CrushJoints+1"],"picked":"Adaptation+1","floor":22.0},{"not_picked":["WaveOfTheHand+1","SashWhip"],"picked":"CutThroughFate+1","floor":27.0},{"not_picked":["PathToVictory","Vengeance","Evaluate+1"],"picked":"SKIP","floor":30.0},{"not_picked":["JustLucky","Judgement","PathToVictory"],"picked":"SKIP","floor":31.0},{"not_picked":["DevaForm","Brilliance","Establishment"],"picked":"SKIP","floor":33},{"not_picked":["EmptyBody+1","JustLucky+1"],"picked":"EmptyMind","floor":35},{"not_picked":["BowlingBash+1","PathToVictory"],"picked":"ClearTheMind","floor":37},{"not_picked":["BattleHymn","Consecrate+1","JustLucky"],"picked":"SKIP","floor":39},{"not_picked":["Collect","EmptyBody+1"],"picked":"ClearTheMind+1","floor":41}],"player_experience":121617,"relics_obtained":[],"event_choices":[{"damage_healed":0.0,"max_hp_gain":0.0,"max_hp_loss":0.0,"gold_gain":0.0,"event_name":"Accursed Blacksmith","player_choice":"Forge","floor":3.0,"gold_loss":0.0,"damage_taken":0.0,"cards_upgraded":["Eruption"]},{"damage_healed":0,"gold_gain":0,"player_choice":"Cursed","damage_taken":0,"max_hp_gain":0,"max_hp_loss":0,"event_name":"Wheel of Change","floor":36,"gold_loss":0,"cards_obtained":["Decay"]}],"is_beta":false,"boss_relics":[{"not_picked":["SlaversCollar","Philosopher\u0027s Stone","Fusion Hammer"]},{"not_picked":[]}],"items_purged_floors":[2,20,38],"is_endless":false,"potions_floor_spawned":[5,7,10,14,16,19,27,33,35],"killed_by":"Transient","ascension_level":0,"potion_discard_per_floor":[[],[],[],[],[],[],[],[],[],[],[],[],[],[],[],[],[],[],[],[],[],[],[],[],[],[],[],[],[],[],[],[],[],[],[],[],[],[],[],[],[],[]]}