{"neow_bonuses_skipped_log":["ONE_RANDOM_RARE_CARD","TRANSFORM_TWO_CARDS","BOSS_RELIC"],"neow_costs_skipped_log":["NONE","TEN_PERCENT_HP_LOSS","NONE"],"potions_obtained_entropic_brew":[[],[],[],[],[],[],[],[],[],[],[],[],[],[],[],[],[],[],[],[],[],[],[],[],[],[],[],[]],"gold_per_floor":[219,238,34,53,70,70,90,116,116,116,128,28,28,41,41,140,140,150,150,100,113,133,133,153,171,223,252,252],"floor_reached":28,"playtime":1761,"items_purged":["Defend_P","Strike_P"],"score":294,"play_id":"1fabc523-9491-4f4e-961b-936cca24cc15","local_time":"20240302142523","score_breakdown":["Floors Climbed (28): 140","Enemies Slain (12): 24","Exordium Elites Killed (1): 10","City Elites Killed (1): 20","Bosses Slain (1): 50","Perfect (1): 50"],"is_ascension_mode":false,"potions_obtained_alchemize":[[],[],[],[],[],[],[],[],[],[],[],[],[],[],[],[],[],[],[],[],[],[],[],[],[],[],[],[]],"campfire_choices":[{"data":"Eruption","floor":6.0,"key":"SMITH"},{"floor":13.0,"key":"REST"},{"data":"Omniscience","floor":15.0,"key":"SMITH"},{"data":"Wireheading","floor":23,"key":"SMITH"}],"lesson_learned_per_floor":[[],[],[],[],[],[],[],[],[],[],[],[],[],[],[],[],[],[],[],[],[],[],[],[],[],[],[],[]],"neow_cost":"NONE","improvable_cards":{},"seed_source_timestamp":10668642973708,"shop_contents":[{"floor":3,"relics":["Pantograph","MealTicket","Frozen Eye"],"cards":["JustLucky","Ragnarok","Perseverance","Prostrate","Madness","HandOfGreed"],"potions":["EntropicBrew","Ancient Potion"]},{"floor":12,"relics":["Girya","Pen Nib","DollysMirror"],"cards":["Ragnarok","CutThroughFate","EmptyMind","ClearTheMind","Study","Bandage Up","Metamorphosis"],"potions":["Strength Potion","PowerPotion","AttackPotion"]}],"circlet_count":0,"master_deck":["Strike_P","Strike_P","Strike_P+1","Defend_P","Defend_P","Eruption+1","Vigilance","PathToVictory","Consecrate","Wireheading+1","MentalFortress+1","BattleHymn","PathToVictory","Crescendo","Tantrum","Omniscience+1","Establishment","FearNoEvil","Halt+1","PathToVictory"],"special_seed":0,"potion_use_per_floor":[[],[],[],[],[],[],[],["FearPotion"],[],[],[],[],[],[],[],[],[],["Ancient Potion"],[],[],[],[],[],["Block Potion"],["Weak Potion"],[],["EssenceOfSteel","FearPotion"],[]],"relics":["PureWater","Strawberry"],"potions_floor_usage":[18,24,25,27,27],"damage_taken":[{"damage":0.0,"enemies":"Cultist","floor":1.0,"turns":2.0},{"damage":2.0,"enemies":"Small Slimes","floor":2.0,"turns":5.0},{"damage":1.0,"enemies":"Jaw Worm","floor":4.0,"turns":3.0},{"damage":9.0,"enemies":"Exordium Thugs","floor":5.0,"turns":4.0},{"damage":0.0,"enemies":"Blue Slaver","floor":7.0,"turns":2.0},{"damage":27.0,"enemies":"3 Sentries","floor":8.0,"turns":6.0},{"damage":0.0,"enemies":"Exordium Wildlife","floor":11.0,"turns":2.0},{"damage":8.0,"enemies":"Gremlin Gang","floor":14.0,"turns":3.0},{"damage":0.0,"enemies":"Slime Boss","floor":16.0,"turns":5.0},{"damage":0,"enemies":"Chosen","floor":18,"turns":3},{"damage":5,"enemies":"Shell Parasite","floor":21,"turns":4},{"damage":0,"enemies":"Centurion and Healer","floor":22,"turns":4},{"damage":8,"enemies":"Snecko","floor":24,"turns":5},{"damage":15,"enemies":"Snake Plant","floor":25,"turns":4},{"damage":6,"enemies":"Gremlin Leader","floor":27,"turns":5},{"damage":0,"enemies":"Centurion and Healer","floor":28,"turns":1}],"green_key_taken_log":8,"seed_played":"5888199646683779739","neow_bonus_log":{"cardsObtained":[],"cardsUpgraded":[],"cardsRemoved":[],"cardsTransformed":[],"relicsObtained":[],"maxHpGained":0,"goldGained":100,"damageTaken":0,"goldLost":0,"maxHpLost":0},"potions_obtained":[{"floor":2.0,"key":"Weak Potion"},{"floor":4.0,"key":"LiquidBronze"},{"floor":7.0,"key":"Ancient Potion"},{"floor":16.0,"key":"Block Potion"},{"floor":24,"key":"FearPotion"},{"floor":25,"key":"EssenceOfSteel"}],"is_trial":false,"path_per_floor":["M","M","$","M","M","R","M","E","T","?","M","$","R","M","R","B",null,"M","?","?","M","M","R","M","M","T","E","M"],"character_chosen":"WATCHER","basemod:card_modifiers":[null,null,null,null,null,null,null,null,null,null,null,null,null,null,null,null,null,null,null,null],"items_purchased":["Wireheading","FearPotion"],"campfire_rested":1,"item_purchase_floors":[3,3],"current_hp_per_floor":[72,70,70,69,60,60,60,33,33,19,19,19,40,32,32,32,72,72,72,72,67,67,67,59,44,44,45,45],"gold":252,"neow_bonus":"HUNDRED_GOLD","is_prod":false,"is_daily":false,"rewards_skipped":[{"floor":8,"relics":["War Paint"],"potions":[]},{"floor":26,"relics":["Potion Belt"],"potions":[]}],"chose_seed":false,"campfire_upgraded":3,"win_rate":0,"floor_exit_playtime":[75,145,171,218,368,381,412,578,585,595,638,677,683,829,839,959,987,1061,1091,1104,1226,1344,1361,1450,1534,1548,1757],"timestamp":1709407523,"blue_key_relic_skipped_log":{"floor":9,"relicID":"Tiny Chest"},"path_taken":["M","M","$","M","M","R","M","E","T","?","M","$","R","?","R","BOSS","M","?","?","?","M","R","M","M","T","E","M"],"build_version":"2022-12-01","purchased_purges":2,"victory":false,"max_hp_per_floor":[72,72,72,72,72,72,72,72,72,72,72,72,72,72,72,72,72,72,72,72,72,72,72,72,72,72,79,79],"relic_stats":{"counters":[16,57],"PureWater":[12],"obtain_stats":[{"Strawberry":27,"PureWater":0},{"Strawberry":15,"PureWater":0},{"Strawberry":57,"PureWater":0}]},"card_choices":[{"not_picked":["EmptyBody","FlyingSleeves"],"picked":"PathToVictory","floor":1.0},{"not_picked":["EmptyBody","CrushJoints"],"picked":"Consecrate","floor":2.0},{"not_picked":["ClearTheMind","SpiritShield"],"picked":"MentalFortress","floor":4.0},{"not_picked":["FlyingSleeves","FollowUp"],"picked":"BattleHymn","floor":5.0},{"not_picked":["ClearTheMind","ThirdEye"],"picked":"PathToVictory","floor":7.0},{"not_picked":["Pray","WaveOfTheHand"],"picked":"Crescendo","floor":8.0},{"not_picked":["ThirdEye","Halt"],"picked":"Tantrum","floor":11.0},{"not_picked":["FlurryOfBlows","Conclude"],"picked":"Omniscience","floor":14.0},{"not_picked":["DevaForm","ConjureBlade"],"picked":"Establishment","floor":16.0},{"not_picked":["Consecrate+1","Swivel"],"picked":"FearNoEvil","floor":18},{"not_picked":["Protect","LikeWater"],"picked":"Halt+1","floor":21},{"not_picked":["FlyingSleeves","Fasting2+1","FlurryOfBlows"],"picked":"SKIP","floor":22},{"not_picked":["Crescendo","LikeWater","Weave"],"picked":"SKIP","floor":24},{"not_picked":["CrushJoints","DeceiveReality"],"picked":"PathToVictory","floor":25},{"not_picked":["EmptyBody+1","Prostrate","Worship"],"picked":"SKIP","floor":27}],"player_experience":123190,"relics_obtained":[{"floor":27,"key":"Strawberry"}],"event_choices":[{"damage_healed":0.0,"max_hp_gain":0.0,"max_hp_loss":0.0,"gold_gain":0.0,"event_name":"Shining Light","player_choice":"Entered Light","floor":10.0,"gold_loss":0.0,"damage_taken":14.0,"cards_upgraded":["Strike_P","MentalFortress"]},{"cards_removed":["Defend_P"],"damage_healed":0,"gold_gain":0,"player_choice":"Offered Basic","damage_taken":0,"max_hp_gain":0,"max_hp_loss":0,"event_name":"Bonfire Elementals","floor":19,"gold_loss":0},{"damage_healed":0,"gold_gain":0,"player_choice":"Bet on Murderer","damage_taken":0,"max_hp_gain":0,"max_hp_loss":0,"event_name":"The Joust","floor":20,"gold_loss":50}],"is_beta":false,"boss_relics":[{"not_picked":["VioletLotus","SacredBark","Runic Pyramid"]}],"items_purged_floors":[3,12],"is_endless":false,"potions_floor_spawned":[2,4,7,16,24,25],"killed_by":"Centurion and Healer","ascension_level":0,"potion_discard_per_floor":[[],[],[],[],[],[],["LiquidBronze"],[],[],[],[],[],[],[],[],[],[],[],[],[],[],[],[],[],[],[],[],[]]}