{"neow_bonuses_skipped_log":["RANDOM_COLORLESS","THREE_SMALL_POTIONS","REMOVE_TWO"],"potions_obtained_entropic_brew":[[],[],[],[],[],[],[],[],[],[],[],[],[],[],[],[],[],[],["BlessingOfTheForge","Energy Potion","Weak Potion","SteroidPotion"],[],[],[],[],[],[],[],[],[],[],[],[],[],[]],"neow_costs_skipped_log":["NONE","NONE","PERCENT_DAMAGE"],"gold_per_floor":[112,125,135,153,172,205,205,238,238,388,122,148,148,48,48,119,119,135,152,164,164,164,196,196,31,31,31,51,84,84,100,100,100],"floor_reached":33,"playtime":4329,"items_purged":["Doubt","Protect","FlyingSleeves"],"score":710,"play_id":"0c9b75f2-1cf6-4ca5-be6c-cec5028f21d2","local_time":"20240316163813","score_breakdown":["Floors Climbed (33): 165","Enemies Slain (10): 20","Exordium Elites Killed (3): 30","City Elites Killed (2): 40","Bosses Slain (1): 50","Champion (2): 50","Ascension (20): 355"],"is_ascension_mode":true,"potions_obtained_alchemize":[[],[],[],[],[],[],[],[],[],[],[],[],[],[],[],[],[],[],[],[],[],[],[],[],[],[],[],[],[],[],[],[],[]],"campfire_choices":[{"data":"Eruption","floor":7.0,"key":"SMITH"},{"data":"Meditate","floor":15.0,"key":"SMITH"},{"data":"Prostrate","floor":24,"key":"SMITH"},{"floor":30,"key":"REST"},{"data":"Wireheading","floor":32,"key":"SMITH"}],"lesson_learned_per_floor":[[],[],[],[],[],[],[],[],[],[],[],[],[],[],[],[],[],[],[],[],[],[],[],[],[],[],[],[],[],[],[],[],[]],"neow_cost":"NONE","improvable_cards":{},"seed_source_timestamp":99660024645083,"shop_contents":[{"floor":11,"relics":["Tiny Chest","CeramicFish"],"cards":["FlurryOfBlows","Consecrate","Collect","Nirvana","Discovery","Chrysalis"],"potions":["LiquidMemories","SteroidPotion","Fire Potion"]},{"floor":14,"relics":["Pear","Kunai","OrangePellets"],"cards":["SashWhip","WindmillStrike","Wish","Sanctity","Wireheading","Purity","Violence"],"potions":["BlessingOfTheForge","Swift Potion","AttackPotion"]},{"floor":25,"relics":["InkBottle","Dream Catcher","ClockworkSouvenir"],"cards":["Brilliance","PathToVictory","ClearTheMind","DevaForm","Trip","The Bomb"],"potions":["Regen Potion","Ancient Potion","Regen Potion"]}],"circlet_count":0,"master_deck":["AscendersBane","Eruption+1","Vigilance","Halt","FlyingSleeves","ReachHeaven","WreathOfFlame","DeceiveReality","LikeWater","Crescendo","Meditate+1","Prostrate+1","Vengeance","Wallop","MentalFortress","Swivel","Pray","JustLucky","ThirdEye","Wireheading+1","Brilliance","FlurryOfBlows","FlurryOfBlows","Indignation","WheelKick","Prostrate","CutThroughFate+1","LessonLearned"],"special_seed":0,"potion_use_per_floor":[[],[],[],[],[],[],[],[],[],[],[],[],[],[],[],[],[],["FearPotion","GamblersBrew"],["EntropicBrew","Energy Potion"],["Weak Potion"],[],[],["BlessingOfTheForge","SteroidPotion"],[],[],[],[],[],["LiquidBronze"],[],[],[],["LiquidMemories"]],"relics":["Pandora\u0027s Box","Shuriken","GoldenEye","PreservedInsect","Orrery","Potion Belt","Toy Ornithopter","SacredBark","Nunchaku","Damaru"],"potions_floor_usage":[23,23,29,33],"damage_taken":[{"damage":2.0,"enemies":"Jaw Worm","floor":1.0,"turns":3.0},{"damage":0.0,"enemies":"Cultist","floor":2.0,"turns":2.0},{"damage":2.0,"enemies":"Small Slimes","floor":3.0,"turns":3.0},{"damage":3.0,"enemies":"Exordium Thugs","floor":4.0,"turns":6.0},{"damage":0.0,"enemies":"Looter","floor":5.0,"turns":3.0},{"damage":0.0,"enemies":"Lagavulin","floor":6.0,"turns":4.0},{"damage":13.0,"enemies":"3 Sentries","floor":8.0,"turns":4.0},{"damage":0.0,"enemies":"Lagavulin","floor":12.0,"turns":4.0},{"damage":14.0,"enemies":"Hexaghost","floor":16.0,"turns":9.0},{"damage":8.0,"enemies":"2 Thieves","floor":18.0,"turns":4.0},{"damage":20.0,"enemies":"3 Byrds","floor":19.0,"turns":6.0},{"damage":15.0,"enemies":"Snake Plant","floor":20.0,"turns":5.0},{"damage":22,"enemies":"Gremlin Leader","floor":23,"turns":4},{"damage":10,"enemies":"Cultist and Chosen","floor":28,"turns":4},{"damage":27,"enemies":"Slavers","floor":29,"turns":4},{"damage":2,"enemies":"Chosen and Byrds","floor":31,"turns":4},{"damage":60,"enemies":"Champ","floor":33,"turns":6}],"seed_played":"-5711362518766804102","neow_bonus_log":{"cardsObtained":[],"cardsUpgraded":[],"cardsRemoved":[],"cardsTransformed":[],"relicsObtained":["Pandora\u0027s Box"],"maxHpGained":0,"goldGained":0,"damageTaken":0,"goldLost":0,"maxHpLost":0},"potions_obtained":[{"floor":3.0,"key":"SmokeBomb"},{"floor":4.0,"key":"PowerPotion"},{"floor":5.0,"key":"FearPotion"},{"floor":8.0,"key":"GamblersBrew"},{"floor":12.0,"key":"EntropicBrew"},{"floor":19.0,"key":"BlessingOfTheForge"},{"floor":20.0,"key":"LiquidBronze"},{"floor":31,"key":"LiquidMemories"}],"is_trial":false,"path_per_floor":["M","M","M","M","M","E","R","E","T","?","$","E","?","$","R","B",null,"M","M","M","?","?","E","R","$","T","?","M","E","R","M","R","B"],"character_chosen":"WATCHER","basemod:card_modifiers":[null,null,null,null,null,null,null,null,null,null,null,null,null,null,null,null,null,null,null,null,null,null,null,null,null,null,null,null],"items_purchased":["Orrery","ThirdEye","WheelKick"],"campfire_rested":1,"item_purchase_floors":[11,11,25],"current_hp_per_floor":[59,59,57,54,54,54,54,41,41,41,41,41,30,30,30,16,55,57,47,37,51,56,44,44,44,44,44,34,12,32,30,30,0],"gold":100,"neow_bonus":"BOSS_RELIC","is_prod":false,"is_daily":false,"rewards_skipped":[],"chose_seed":false,"campfire_upgraded":4,"win_rate":0,"floor_exit_playtime":[188,213,263,513,574,726,742,914,930,953,1017,1198,1208,1221,1252,1706,1781,1957,2541,2772,2800,2842,3098,3132,3214,3228,3231,3409,3633,3644,3866,3912],"timestamp":1710621493,"blue_key_relic_skipped_log":{"floor":26,"relicID":"Bottled Flame"},"path_taken":["M","M","M","M","M","E","R","E","T","?","$","E","?","$","R","BOSS","M","M","M","?","?","E","R","?","T","?","?","E","R","M","R","BOSS"],"build_version":"2022-12-01","purchased_purges":3,"victory":false,"max_hp_per_floor":[68,68,68,68,68,68,68,68,68,68,68,68,68,68,68,68,68,68,68,68,68,68,68,68,68,68,68,68,68,68,68,68,68],"relic_stats":{"Nunchaku":[5],"counters":[17,75],"Shuriken":[17],"Pandora\u0027s Box":["Protect","Protect","Halt","FlyingSleeves","ReachHeaven","WreathOfFlame","DeceiveReality","LikeWater"],"PreservedInsect":121,"GoldenEye":[77],"obtain_stats":[{"Potion Belt":12,"Nunchaku":23,"Shuriken":6,"SacredBark":17,"Orrery":11,"Damaru":29,"Pandora\u0027s Box":0,"PreservedInsect":9,"PureWater":0,"GoldenEye":8,"Toy Ornithopter":13},{"Potion Belt":8,"Nunchaku":13,"Shuriken":6,"SacredBark":9,"Orrery":7,"Damaru":15,"Pandora\u0027s Box":0,"PreservedInsect":7,"PureWater":0,"GoldenEye":7,"Toy Ornithopter":8},{"Potion Belt":29,"Nunchaku":57,"Shuriken":21,"SacredBark":38,"Orrery":25,"Damaru":65,"Pandora\u0027s Box":0,"PreservedInsect":25,"PureWater":0,"GoldenEye":25,"Toy Ornithopter":29}],"Toy Ornithopter":45},"card_choices":[{"not_picked":["DeceiveReality","Collect"],"picked":"FlyingSleeves","floor":1.0},{"not_picked":["JustLucky","FollowUp"],"picked":"Crescendo","floor":2.0},{"not_picked":["Perseverance","JustLucky"],"picked":"Meditate","floor":3.0},{"not_picked":["Protect","SashWhip"],"picked":"Prostrate","floor":4.0},{"not_picked":["Weave","ThirdEye"],"picked":"Vengeance","floor":5.0},{"not_picked":["Alpha","FearNoEvil"],"picked":"Wallop","floor":6.0},{"not_picked":["JustLucky","Crescendo"],"picked":"MentalFortress","floor":8.0},{"not_picked":["Evaluate","Protect"],"picked":"Swivel","floor":11.0},{"not_picked":["Crescendo","BowlingBash"],"picked":"Pray","floor":11.0},{"not_picked":["EmptyFist","PathToVictory"],"picked":"JustLucky","floor":11.0},{"not_picked":["Blasphemy","ForeignInfluence","LikeWater"],"picked":"SKIP","floor":11.0},{"not_picked":["ClearTheMind","Halt","WindmillStrike"],"picked":"SKIP","floor":11.0},{"not_picked":["EmptyFist","Alpha"],"picked":"Wireheading","floor":12.0},{"not_picked":["DevaForm","Devotion"],"picked":"Brilliance","floor":16.0},{"not_picked":["Collect","FlyingSleeves","SashWhip"],"picked":"SKIP","floor":18.0},{"not_picked":["ClearTheMind+1","ForeignInfluence+1"],"picked":"FlurryOfBlows","floor":19.0},{"not_picked":["EmptyBody","PathToVictory"],"picked":"FlurryOfBlows","floor":20.0},{"not_picked":["SashWhip","LikeWater"],"picked":"Indignation","floor":23},{"not_picked":["Worship","Meditate"],"picked":"Prostrate","floor":28},{"not_picked":["FlurryOfBlows","BowlingBash"],"picked":"CutThroughFate+1","floor":29},{"not_picked":["EmptyBody","Crescendo"],"picked":"LessonLearned","floor":31}],"player_experience":151014,"relics_obtained":[{"floor":6.0,"key":"Shuriken"},{"floor":8.0,"key":"GoldenEye"},{"floor":9.0,"key":"PreservedInsect"},{"floor":12.0,"key":"Potion Belt"},{"floor":23,"key":"Nunchaku"},{"floor":29,"key":"Damaru"}],"event_choices":[{"damage_healed":0.0,"max_hp_gain":0.0,"max_hp_loss":0.0,"gold_gain":150.0,"event_name":"Liars Game","player_choice":"AGREE","floor":10.0,"gold_loss":0.0,"damage_taken":0.0,"cards_obtained":["Doubt"]},{"damage_healed":0.0,"max_hp_gain":0.0,"max_hp_loss":0.0,"gold_gain":0.0,"event_name":"Scrap Ooze","player_choice":"Success","floor":13.0,"gold_loss":0.0,"damage_taken":11.0,"relics_obtained":["Toy Ornithopter"]},{"damage_healed":14.0,"max_hp_gain":0.0,"max_hp_loss":0.0,"gold_gain":0.0,"event_name":"The Library","player_choice":"Heal","floor":21.0,"gold_loss":0.0,"damage_taken":0.0},{"cards_removed":["Protect"],"damage_healed":5.0,"max_hp_gain":0.0,"max_hp_loss":0.0,"gold_gain":0.0,"event_name":"Bonfire Elementals","player_choice":"Offered Common","floor":22.0,"gold_loss":0.0,"damage_taken":0.0},{"cards_removed":["Protect"],"damage_healed":5.0,"max_hp_gain":0.0,"max_hp_loss":0.0,"gold_gain":0.0,"event_name":"Bonfire Elementals","player_choice":"Offered Special","floor":22.0,"gold_loss":0.0,"damage_taken":0.0}],"is_beta":false,"boss_relics":[{"not_picked":["Astrolabe","Snecko Eye"],"picked":"SacredBark"}],"items_purged_floors":[11,14,25],"is_endless":false,"potions_floor_spawned":[3,4,5,8,12,19,20,31],"killed_by":"Champ","ascension_level":20,"potion_discard_per_floor":[[],[],[],[],["SmokeBomb"],[],[],["PowerPotion"],[],[],[],[],[],[],[],[],[],[],[],[],[],[],[],[],[],[],[],[],[],[],[],[],[]]}