{"neow_bonuses_skipped_log":["THREE_SMALL_POTIONS","ONE_RARE_RELIC","BOSS_RELIC"],"potions_obtained_entropic_brew":[[],[],[],[],[],[],[],[],[],[],[],[],[],[],[],[],[],[],[],[],[],[],[],[],[],[],[],[],[],[],[],[],[],[],[],[],[],[],[],[],[],[],[],[],[],[],[],[],[],[],[],[],[],[],[]],"neow_costs_skipped_log":["NONE","NO_GOLD","NONE"],"gold_per_floor":[119,136,155,166,9,9,38,38,38,71,121,140,151,166,166,241,241,254,274,89,89,89,89,122,122,122,140,140,153,168,168,168,242,242,255,270,286,80,98,98,126,126,126,154,179,179,205,215,215,215,215,215,215,20,20],"floor_reached":55,"playtime":8406,"items_purged":["Defend_P","Defend_P","Defend_P"],"score":2053,"play_id":"e11c5276-108c-411d-bca8-a2c5937905b4","local_time":"20240318163904","score_breakdown":["Floors Climbed (55): 275","Enemies Slain (17): 34","Exordium Elites Killed (2): 20","City Elites Killed (1): 20","Beyond Elites Killed (3): 90","Bosses Slain (4): 500","Collector (1): 25","Perfect (1): 50","Overkill: 25","Ascension (20): 1014"],"is_ascension_mode":true,"potions_obtained_alchemize":[[],[],[],[],[],[],[],[],[],[],[],[],[],[],[],[],[],[],[],[],[],[],[],[],[],[],[],[],[],[],[],[],[],[],[],[],[],[],[],[],[],[],[],[],[],[],[],[],[],[],[],[],[],[],[]],"campfire_choices":[{"data":"CrushJoints","floor":6.0,"key":"SMITH"},{"data":"Omniscience","floor":8.0,"key":"SMITH"},{"data":"BowlingBash","floor":15.0,"key":"SMITH"},{"data":"RitualDagger","floor":23.0,"key":"SMITH"},{"data":"Meditate","floor":25.0,"key":"SMITH"},{"data":"Prostrate","floor":28.0,"key":"SMITH"},{"data":"Vault","floor":32.0,"key":"SMITH"},{"data":"Wallop","floor":40.0,"key":"SMITH"},{"floor":42.0,"key":"RECALL"},{"data":"SashWhip","floor":46.0,"key":"SMITH"},{"floor":49,"key":"REST"},{"data":"Establishment","floor":53,"key":"SMITH"}],"lesson_learned_per_floor":[[],[],[],[],[],[],[],[],[],[],[],[],[],[],[],[],[],[],[],[],[],[],[],[],[],[],[],[],[],[],[],[],[],[],[],[],[],[],[],[],[],[],[],[],[],[],[],[],[],[],[],[],[],[],[]],"neow_cost":"NONE","improvable_cards":{"RitualDagger+1":[90]},"seed_source_timestamp":0,"shop_contents":[{"floor":5,"relics":["Potion Belt","Centennial Puzzle","TheAbacus"],"cards":["ReachHeaven","Halt","WreathOfFlame","LikeWater","Bandage Up","Apotheosis"],"potions":["StancePotion","Explosive Potion"]},{"floor":20,"relics":["TungstenRod","Du-Vu Doll","PrismaticShard"],"cards":["WindmillStrike","EmptyFist","EmptyBody","BattleHymn","Dramatic Entrance","Metamorphosis"],"potions":["PowerPotion","BlessingOfTheForge","StancePotion"]},{"floor":38,"relics":["Mummified Hand","Strawberry","Chemical X"],"cards":["CrushJoints","PathToVictory","EmptyMind","BattleHymn","Swift Strike","Master of Strategy"],"potions":["DistilledChaos","ColorlessPotion","Energy Potion"]},{"floor":54,"relics":["War Paint","Oddly Smooth Stone"],"cards":["JustLucky","BowlingBash","Crescendo","Adaptation","Panacea","Apotheosis"],"potions":["Fruit Juice","PowerPotion","SpeedPotion"]}],"circlet_count":0,"master_deck":["AscendersBane","Eruption+1","Vigilance","SashWhip+1","InnerPeace","SpiritShield","CutThroughFate","CrushJoints+1","Omniscience+1","BattleHymn","Prostrate+1","BowlingBash+1","Establishment+1","Prostrate","Meditate+1","RitualDagger+1","Bite","Bite","Bite","Bite","Bite","Vault+1","Crescendo","JustLucky+1","Wallop+1","Adaptation+1","TalkToTheHand+1","JustLucky+1","Halt"],"special_seed":0,"potion_use_per_floor":[[],[],["Explosive Potion"],[],[],[],[],[],[],["Explosive Potion"],[],[],[],[],[],[],[],["Energy Potion"],[],[],[],[],[],["GamblersBrew","Fire Potion"],[],[],["Block Potion"],[],[],[],[],[],[],[],[],["ColorlessPotion"],[],[],["Fire Potion"],[],[],[],[],[],[],[],["PowerPotion","Swift Potion"],[],[],[],["Dexterity Potion"],[],[],[],["PowerPotion"]],"relics":["PureWater","Happy Flower","Pen Nib","Shuriken","Kunai","Gremlin Horn","StrikeDummy","Runic Pyramid","Tiny Chest","SlaversCollar","Dream Catcher","Turnip","ClockworkSouvenir"],"potions_floor_usage":[51,55],"damage_taken":[{"damage":15.0,"enemies":"Cultist","floor":1.0,"turns":6.0},{"damage":6.0,"enemies":"Small Slimes","floor":2.0,"turns":4.0},{"damage":0.0,"enemies":"2 Louse","floor":3.0,"turns":1.0},{"damage":0.0,"enemies":"Looter","floor":4.0,"turns":3.0},{"damage":10.0,"enemies":"Gremlin Nob","floor":7.0,"turns":3.0},{"damage":7.0,"enemies":"3 Sentries","floor":10.0,"turns":8.0},{"damage":0.0,"enemies":"Large Slime","floor":12.0,"turns":3.0},{"damage":0.0,"enemies":"Exordium Wildlife","floor":13.0,"turns":2.0},{"damage":0.0,"enemies":"2 Fungi Beasts","floor":14.0,"turns":3.0},{"damage":0.0,"enemies":"Slime Boss","floor":16.0,"turns":4.0},{"damage":1.0,"enemies":"3 Byrds","floor":18.0,"turns":4.0},{"damage":2.0,"enemies":"Spheric Guardian","floor":19.0,"turns":5.0},{"damage":14.0,"enemies":"Slavers","floor":24.0,"turns":5.0},{"damage":3.0,"enemies":"Centurion and Healer","floor":27.0,"turns":7.0},{"damage":0.0,"enemies":"Snecko","floor":29.0,"turns":2.0},{"damage":0.0,"enemies":"3 Cultists","floor":30.0,"turns":4.0},{"damage":26.0,"enemies":"Champ","floor":33.0,"turns":9.0},{"damage":0.0,"enemies":"3 Shapes","floor":35.0,"turns":4.0},{"damage":26.0,"enemies":"3 Darklings","floor":36.0,"turns":5.0},{"damage":0.0,"enemies":"Sphere and 2 Shapes","floor":37.0,"turns":6.0},{"damage":4.0,"enemies":"Transient","floor":39.0,"turns":7.0},{"damage":22.0,"enemies":"Nemesis","floor":41.0,"turns":5.0},{"damage":9.0,"enemies":"Reptomancer","floor":44.0,"turns":3.0},{"damage":0.0,"enemies":"Mind Bloom Boss Battle","floor":45.0,"turns":6.0},{"damage":23.0,"enemies":"Nemesis","floor":47.0,"turns":6.0},{"damage":5.0,"enemies":"4 Shapes","floor":48.0,"turns":3.0},{"damage":36,"enemies":"Time Eater","floor":50,"turns":11},{"damage":11,"enemies":"Donu and Deca","floor":51,"turns":10},{"damage":61,"enemies":"Shield and Spear","floor":55,"turns":3}],"green_key_taken_log":47,"seed_played":"2656257858377434559","neow_bonus_log":{"cardsObtained":[],"cardsUpgraded":["Eruption"],"cardsRemoved":[],"cardsTransformed":[],"relicsObtained":[],"maxHpGained":0,"goldGained":0,"damageTaken":0,"goldLost":0,"maxHpLost":0},"potions_obtained":[{"floor":2.0,"key":"Explosive Potion"},{"floor":4.0,"key":"Ancient Potion"},{"floor":7.0,"key":"Fire Potion"},{"floor":13.0,"key":"Energy Potion"},{"floor":18.0,"key":"GamblersBrew"},{"floor":24.0,"key":"Block Potion"},{"floor":27.0,"key":"ColorlessPotion"},{"floor":36.0,"key":"Fire Potion"},{"floor":37.0,"key":"Swift Potion"},{"floor":45.0,"key":"PowerPotion"},{"floor":47.0,"key":"PowerPotion"},{"floor":48,"key":"Dexterity Potion"}],"is_trial":false,"path_per_floor":["M","M","M","M","$","R","E","R","T","E","?","M","M","M","R","B",null,"M","M","$","?","?","R","E","R","T","M","R","M","M","?","R","B",null,"M","M","M","$","M","R","E","R","T","E","?","R","E","M","R","B","B",null,"R","$","E"],"character_chosen":"WATCHER","basemod:card_modifiers":[null,null,null,null,null,null,null,null,null,null,null,null,null,null,null,null,null,null,null,null,null,null,null,null,null,null,null,null,null],"items_purchased":["Explosive Potion","CrushJoints","Meditate","Wallop","ClockworkSouvenir","Halt"],"campfire_rested":1,"item_purchase_floors":[5,5,20,38,54,54],"current_hp_per_floor":[46,40,40,40,40,40,30,30,30,23,23,23,23,23,23,23,57,56,54,54,48,47,47,43,43,43,47,47,47,47,47,47,43,46,47,29,41,41,47,47,33,33,33,36,47,47,28,27,41,29,30,43,43,43,0],"gold":20,"neow_bonus":"UPGRADE_CARD","is_prod":false,"is_daily":false,"rewards_skipped":[],"chose_seed":false,"campfire_upgraded":10,"win_rate":1,"floor_exit_playtime":[270,327,370,443,464,474,579,592,596,817,825,898,994,1074,1093,1221,1268,1438,1622,1679,1684,1692,1732,1963,1978,1987,2169,2179,2228,2363,2379,2405,2763,2832,2966,3181,3322,3403,3833,3853,4481,4505,4512,4949,5150,5177,5495,6584,6729,7475,8115,8131,8155,8274],"timestamp":1710794344,"blue_key_relic_skipped_log":{"floor":43,"relicID":"Singing Bowl"},"path_taken":["M","M","M","M","$","R","E","R","T","E","?","M","M","M","R","BOSS","M","?","$","?","?","R","E","R","T","M","R","M","M","?","R","BOSS","M","M","?","$","M","R","E","R","T","E","?","R","E","M","R","BOSS","BOSS","R","$","E"],"build_version":"2022-12-01","purchased_purges":3,"victory":false,"max_hp_per_floor":[68,68,68,68,68,68,68,68,68,68,68,68,68,68,68,68,68,68,68,68,68,47,47,47,47,47,47,47,47,47,47,47,47,47,47,47,47,47,47,47,47,47,47,47,47,47,47,47,47,47,47,47,47,47,47],"relic_stats":{"Dream Catcher":1,"Happy Flower":[41],"Gremlin Horn":[28,28],"counters":[29,142],"Shuriken":[49],"Tiny Chest":0,"Pen Nib":[12],"Turnip":[3],"Kunai":[16],"PureWater":[25],"obtain_stats":[{"Gremlin Horn":7,"Happy Flower":9,"Pen Nib":41,"ClockworkSouvenir":54,"SlaversCollar":34,"Dream Catcher":44,"Shuriken":26,"Tiny Chest":24,"Turnip":45,"Kunai":47,"PureWater":0,"StrikeDummy":10,"Runic Pyramid":17},{"Gremlin Horn":5,"Happy Flower":5,"Pen Nib":22,"ClockworkSouvenir":28,"SlaversCollar":17,"Dream Catcher":23,"Shuriken":13,"Tiny Chest":13,"Turnip":24,"Kunai":25,"PureWater":0,"StrikeDummy":6,"Runic Pyramid":10},{"Gremlin Horn":17,"Happy Flower":17,"Pen Nib":100,"ClockworkSouvenir":139,"SlaversCollar":73,"Dream Catcher":103,"Shuriken":51,"Tiny Chest":51,"Turnip":109,"Kunai":115,"PureWater":0,"StrikeDummy":25,"Runic Pyramid":37}]},"card_choices":[{"not_picked":["JustLucky","ClearTheMind"],"picked":"SashWhip","floor":1.0},{"not_picked":["ThirdEye","Protect"],"picked":"InnerPeace","floor":2.0},{"not_picked":["Prostrate","Nirvana"],"picked":"SpiritShield","floor":3.0},{"not_picked":["PathToVictory","FearNoEvil"],"picked":"CutThroughFate","floor":4.0},{"not_picked":["Prostrate","EmptyBody"],"picked":"Omniscience","floor":7.0},{"not_picked":["FollowUp","Conclude"],"picked":"BattleHymn","floor":10.0},{"not_picked":["Nirvana","CrushJoints"],"picked":"Prostrate","floor":12.0},{"not_picked":["WreathOfFlame","Weave","SignatureMove"],"picked":"SKIP","floor":13.0},{"not_picked":["PathToVictory","ThirdEye"],"picked":"BowlingBash","floor":14.0},{"not_picked":["MasterReality","ConjureBlade"],"picked":"Establishment","floor":16.0},{"not_picked":["Consecrate","Halt"],"picked":"Prostrate","floor":18.0},{"not_picked":["FlurryOfBlows","FlyingSleeves","Study"],"picked":"SKIP","floor":19.0},{"not_picked":["JustLucky","Swivel+1","PathToVictory"],"picked":"SKIP","floor":24.0},{"not_picked":["JustLucky","Swivel+1","PathToVictory"],"picked":"SKIP","floor":24.0},{"not_picked":["Perseverance+1","ThirdEye","PathToVictory"],"picked":"SKIP","floor":27.0},{"not_picked":["CrushJoints","SandsOfTime","Consecrate"],"picked":"SKIP","floor":29.0},{"not_picked":["JustLucky","EmptyFist"],"picked":"Vault","floor":30.0},{"not_picked":["Establishment","LessonLearned","MasterReality"],"picked":"SKIP","floor":33.0},{"not_picked":["DeceiveReality","CutThroughFate"],"picked":"Crescendo","floor":35.0},{"not_picked":["Pray","Prostrate"],"picked":"JustLucky+1","floor":36.0},{"not_picked":["Crescendo","SashWhip","SignatureMove"],"picked":"SKIP","floor":37.0},{"not_picked":["FlyingSleeves+1","Vengeance"],"picked":"Adaptation+1","floor":39.0},{"not_picked":["LessonLearned","Conclude","ClearTheMind"],"picked":"SKIP","floor":41.0},{"not_picked":["CutThroughFate","Crescendo","PathToVictory"],"picked":"SKIP","floor":44.0},{"not_picked":["ForeignInfluence+1","ThirdEye"],"picked":"TalkToTheHand+1","floor":45.0},{"not_picked":["FlurryOfBlows","Protect"],"picked":"JustLucky+1","floor":47.0},{"not_picked":["Alpha","ThirdEye","Evaluate"],"picked":"SKIP","floor":48},{"not_picked":["Alpha","ThirdEye","Evaluate"],"picked":"SKIP","floor":48}],"player_experience":105066,"relics_obtained":[{"floor":7.0,"key":"Gremlin Horn"},{"floor":9.0,"key":"Happy Flower"},{"floor":10.0,"key":"StrikeDummy"},{"floor":24.0,"key":"Tiny Chest"},{"floor":26.0,"key":"Shuriken"},{"floor":41.0,"key":"Pen Nib"},{"floor":44.0,"key":"Dream Catcher"},{"floor":45.0,"key":"Turnip"},{"floor":47.0,"key":"Kunai"}],"event_choices":[{"damage_healed":0.0,"max_hp_gain":0.0,"max_hp_loss":0.0,"gold_gain":50.0,"event_name":"Golden Shrine","player_choice":"Pray","floor":11.0,"gold_loss":0.0,"damage_taken":0.0},{"damage_healed":0.0,"max_hp_gain":0.0,"max_hp_loss":0.0,"gold_gain":0.0,"event_name":"Nest","player_choice":"Joined the Cult","floor":21.0,"gold_loss":0.0,"damage_taken":6.0,"cards_obtained":["RitualDagger"]},{"damage_healed":0.0,"max_hp_gain":0.0,"max_hp_loss":21.0,"gold_gain":0.0,"event_name":"Vampires","player_choice":"Became a vampire","floor":22.0,"gold_loss":0.0,"damage_taken":0.0,"cards_obtained":["Bite","Bite","Bite","Bite","Bite"]},{"cards_removed":["Defend_P"],"damage_healed":0.0,"max_hp_gain":0.0,"max_hp_loss":0.0,"gold_gain":0.0,"event_name":"Back to Basics","player_choice":"Elegance","floor":31.0,"gold_loss":0.0,"damage_taken":0.0},{"damage_healed":0.0,"max_hp_gain":0.0,"max_hp_loss":0.0,"gold_gain":0.0,"event_name":"MindBloom","player_choice":"Fight","floor":45.0,"gold_loss":0.0,"damage_taken":0.0}],"is_beta":false,"boss_relics":[{"not_picked":["Pandora\u0027s Box","Tiny House"],"picked":"Runic Pyramid"},{"not_picked":["Snecko Eye","Sozu"],"picked":"SlaversCollar"}],"items_purged_floors":[5,20,38],"is_endless":false,"potions_floor_spawned":[2,4,7,13,18,24,27,36,37,45,47,48],"killed_by":"Shield and Spear","ascension_level":20,"potion_discard_per_floor":[[],[],[],[],[],[],["Ancient Potion"],[],[],[],[],[],[],[],[],[],[],[],[],[],[],[],[],[],[],[],[],[],[],[],[],[],[],[],[],[],[],[],[],[],[],[],[],[],[],[],[],[],[],[],[],[],[],[],[]]}