{"neow_bonuses_skipped_log":["THREE_ENEMY_KILL","TRANSFORM_TWO_CARDS","BOSS_RELIC"],"potions_obtained_entropic_brew":[[],[],[],[],[],[],[],[],[],[],[],[],[],[],[],[],[],[],[],[],[],[],[],[],[],[],[],[],[],[],[],[],[],[],[],[],[],[],[],[],[],[],[],[],[],[],[],[],[],[],[],[],[],[],[],[]],"neow_costs_skipped_log":["NONE","PERCENT_DAMAGE","NONE"],"gold_per_floor":[115,129,145,165,32,59,59,78,78,78,93,127,127,161,161,233,233,243,258,258,271,251,284,120,146,146,146,161,171,171,200,200,272,272,284,295,295,295,319,319,352,363,390,400,416,93,93,123,123,123,123,123,123,70,98,98],"floor_reached":56,"playtime":7414,"items_purged":["Defend_P","Strike_P"],"score":2224,"play_id":"70784b8e-b0c6-48d1-bb54-c5d596be45a3","local_time":"20240315002749","falling_options_log":["Wallop","Establishment"],"score_breakdown":["Floors Climbed (56): 280","Enemies Slain (16): 32","Exordium Elites Killed (3): 30","City Elites Killed (3): 60","Beyond Elites Killed (2): 60","Bosses Slain (4): 500","Champion (3): 75","Perfect (1): 50","Overkill: 25","Ascension (20): 1112"],"is_ascension_mode":true,"potions_obtained_alchemize":[[],[],[],[],[],[],[],[],[],[],[],[],[],[],[],[],[],[],[],[],[],[],[],[],[],[],[],[],[],[],[],[],[],[],[],[],[],[],[],[],[],[],[],[],[],[],[],[],[],[],[],[],[],[],[],[]],"campfire_choices":[{"data":"Eruption","floor":7.0,"key":"SMITH"},{"data":"SandsOfTime","floor":10.0,"key":"SMITH"},{"data":"CrushJoints","floor":15.0,"key":"SMITH"},{"floor":27,"key":"REST"},{"floor":30,"key":"RECALL"},{"floor":32,"key":"REST"},{"floor":40,"key":"REST"},{"floor":49,"key":"REST"},{"floor":53,"key":"REST"}],"lesson_learned_per_floor":[[],[],[],[],[],[],[],[],[],[],[],[],[],[],[],[],[],[],[],[],[],[],[],[],[],[],[],[],[],[],[],[],[],[],[],[],[],[],[],[],[],[],[],[],[],[],[],[],[],[],[],[],[],[],[],[]],"neow_cost":"NONE","improvable_cards":{},"seed_source_timestamp":158937143788625,"shop_contents":[{"floor":5,"relics":["Strawberry","Happy Flower","Toolbox"],"cards":["Brilliance","CutThroughFate","Wish","Fasting2","Finesse","HandOfGreed"],"potions":["Explosive Potion","Weak Potion"]},{"floor":24,"relics":["Damaru","White Beast Statue","Medical Kit"],"cards":["BowlingBash","Blasphemy","Halt","Wireheading","Dramatic Entrance","Violence"],"potions":["Dexterity Potion","Energy Potion","BottledMiracle"]},{"floor":46,"relics":["Peace Pipe","Mummified Hand"],"cards":["SignatureMove+1","FlyingSleeves+1","Protect","Scrawl","BattleHymn","Enlightenment","Sadistic Nature"],"potions":["Energy Potion","GamblersBrew"]},{"floor":54,"relics":["Gambling Chip","Nunchaku","Frozen Eye"],"cards":["CutThroughFate+1","Ragnarok+1","WaveOfTheHand","DeusExMachina","BattleHymn","Jack Of All Trades","HandOfGreed+1"],"potions":["SneckoOil","SpeedPotion"]}],"circlet_count":0,"master_deck":["AscendersBane","Strike_P","Strike_P","Strike_P","Defend_P","Defend_P","Eruption+1","FlurryOfBlows","SandsOfTime+1","BowlingBash","CrushJoints+1","Indignation","Crescendo","CutThroughFate","ThirdEye","Halt","Scrawl","Adaptation+1","CutThroughFate","Wireheading","Wallop","ClearTheMind","Establishment","Vault","Meditate","Worship","Discovery","Forethought","Secret Technique","JustLucky+1","WaveOfTheHand+1","JustLucky+1","Meditate+1"],"special_seed":0,"potion_use_per_floor":[[],[],[],["Block Potion"],[],["FearPotion"],[],[],[],[],[],["ColorlessPotion"],[],[],[],[],[],[],[],[],[],[],["Regen Potion"],[],[],[],[],[],[],[],["Strength Potion"],[],[],[],[],[],[],[],[],[],[],[],[],[],["Explosive Potion"],[],[],["SpeedPotion"],[],[],[],[],[],[],[],["PowerPotion","Strength Potion"]],"relics":["PureWater","Pen Nib","Sundial","Boot","GoldenEye","Fusion Hammer","CaptainsWheel","Blood Vial","Molten Egg 2","Ornamental Fan","Runic Pyramid","Vajra","MealTicket","HandDrill","PreservedInsect","Art of War"],"potions_floor_usage":[23,31,45,48,56,56],"damage_taken":[{"damage":0.0,"enemies":"2 Louse","floor":1.0,"turns":2.0},{"damage":3.0,"enemies":"Small Slimes","floor":2.0,"turns":4.0},{"damage":2.0,"enemies":"Jaw Worm","floor":3.0,"turns":4.0},{"damage":1.0,"enemies":"Blue Slaver","floor":4.0,"turns":5.0},{"damage":0.0,"enemies":"Lagavulin","floor":6.0,"turns":4.0},{"damage":9.0,"enemies":"Red Slaver","floor":8.0,"turns":2.0},{"damage":5.0,"enemies":"Gremlin Gang","floor":11.0,"turns":3.0},{"damage":11.0,"enemies":"3 Sentries","floor":12.0,"turns":5.0},{"damage":0.0,"enemies":"Lagavulin","floor":14.0,"turns":3.0},{"damage":0.0,"enemies":"Slime Boss","floor":16.0,"turns":6.0},{"damage":9.0,"enemies":"Shell Parasite","floor":18.0,"turns":3.0},{"damage":0.0,"enemies":"Spheric Guardian","floor":19.0,"turns":3.0},{"damage":0,"enemies":"3 Cultists","floor":21,"turns":2},{"damage":3,"enemies":"Gremlin Leader","floor":23,"turns":3},{"damage":29,"enemies":"Slavers","floor":25,"turns":4},{"damage":0,"enemies":"Centurion and Healer","floor":28,"turns":6},{"damage":0,"enemies":"Snecko","floor":29,"turns":2},{"damage":9,"enemies":"Book of Stabbing","floor":31,"turns":3},{"damage":10,"enemies":"Automaton","floor":33,"turns":6},{"damage":13,"enemies":"3 Shapes","floor":35,"turns":6},{"damage":2,"enemies":"Orb Walker","floor":36,"turns":4},{"damage":0,"enemies":"Giant Head","floor":41,"turns":4},{"damage":0,"enemies":"Jaw Worm Horde","floor":42,"turns":4},{"damage":13,"enemies":"3 Darklings","floor":44,"turns":4},{"damage":20,"enemies":"4 Shapes","floor":45,"turns":4},{"damage":40,"enemies":"Nemesis","floor":48,"turns":6},{"damage":3,"enemies":"Donu and Deca","floor":50,"turns":6},{"damage":29,"enemies":"Awakened One","floor":51,"turns":9},{"damage":42,"enemies":"Shield and Spear","floor":55,"turns":6},{"damage":53,"enemies":"The Heart","floor":56,"turns":3}],"green_key_taken_log":25,"seed_played":"6029751612838429768","neow_bonus_log":{"cardsObtained":[],"cardsUpgraded":[],"cardsRemoved":["Defend_P"],"cardsTransformed":[],"relicsObtained":[],"maxHpGained":0,"goldGained":0,"damageTaken":0,"goldLost":0,"maxHpLost":0},"potions_obtained":[{"floor":1.0,"key":"ColorlessPotion"},{"floor":2.0,"key":"Block Potion"},{"floor":14.0,"key":"Strength Potion"},{"floor":19.0,"key":"Regen Potion"},{"floor":25,"key":"SneckoOil"},{"floor":29,"key":"Explosive Potion"},{"floor":44,"key":"SpeedPotion"}],"is_trial":false,"path_per_floor":["M","M","M","M","$","E","R","M","T","R","M","E","?","E","R","B",null,"M","M","?","M","?","E","$","E","T","R","M","M","R","E","R","B",null,"M","M","?","?","T","R","E","M","T","M","M","$","?","E","R","B","B",null,"R","$","E","B"],"character_chosen":"WATCHER","basemod:card_modifiers":[null,null,null,null,null,null,null,null,null,null,null,null,null,null,null,null,null,null,null,null,null,null,null,null,null,null,null,null,null,null,null,null,null],"items_purchased":["Indignation","FearPotion","Wallop","HandDrill","PowerPotion","Strength Potion"],"campfire_rested":5,"item_purchase_floors":[5,5,24,46,46,54],"current_hp_per_floor":[61,58,56,55,55,55,55,46,46,46,41,30,52,52,52,52,64,55,55,55,55,55,61,61,32,32,52,54,56,56,49,68,58,66,55,55,55,45,45,65,67,68,68,55,37,52,52,14,33,32,5,50,65,65,23,0],"gold":98,"neow_bonus":"REMOVE_CARD","is_prod":false,"is_daily":false,"rewards_skipped":[{"floor":3,"relics":[],"potions":["Weak Potion"]},{"floor":22,"relics":[],"potions":["SpeedPotion"]}],"chose_seed":false,"campfire_upgraded":3,"win_rate":1,"floor_exit_playtime":[104,162,239,297,332,446,469,516,520,542,646,823,829,902,913,1120,1306,1451,1570,1615,1693,1701,1860,1898,2117,2141,2145,2363,2436,2446,2596,2602,3498,3558,3757,3976,3994,4040,4052,4057,4359,4654,4658,4816,5002,5052,5100,5534,5537,5949,6624,6636,6641,6700,7213],"timestamp":1710476869,"blue_key_relic_skipped_log":{"floor":43,"relicID":"Lantern"},"path_taken":["M","M","M","M","$","E","R","?","T","R","M","E","?","E","R","BOSS","M","M","?","?","?","E","?","E","T","R","M","M","R","E","R","BOSS","M","?","?","?","?","R","E","M","T","M","M","$","?","E","R","BOSS","BOSS","R","$","E","BOSS"],"build_version":"2022-12-01","purchased_purges":2,"victory":false,"max_hp_per_floor":[68,68,68,68,68,68,68,68,68,68,68,68,68,68,68,68,68,68,68,68,68,68,68,68,68,68,68,68,68,68,68,68,68,68,68,68,68,68,68,68,68,68,68,68,68,68,65,65,65,65,65,65,65,65,65,65],"relic_stats":{"counters":[30,126],"Pen Nib":[28],"PreservedInsect":77,"Boot":[54],"GoldenEye":[202],"Blood Vial":23,"Sundial":[18],"Ornamental Fan":[168],"MealTicket":15,"HandDrill":[8],"Art of War":[0],"PureWater":[28],"obtain_stats":[{"Vajra":39,"Pen Nib":6,"PreservedInsect":48,"Boot":12,"GoldenEye":14,"Blood Vial":25,"CaptainsWheel":23,"Sundial":9,"Ornamental Fan":31,"Molten Egg 2":26,"MealTicket":41,"Fusion Hammer":17,"HandDrill":46,"Art of War":55,"PureWater":0,"Runic Pyramid":34},{"Vajra":21,"Pen Nib":5,"PreservedInsect":26,"Boot":8,"GoldenEye":9,"Blood Vial":15,"CaptainsWheel":14,"Sundial":6,"Ornamental Fan":18,"Molten Egg 2":15,"MealTicket":22,"Fusion Hammer":10,"HandDrill":25,"Art of War":29,"PureWater":0,"Runic Pyramid":19},{"Vajra":80,"Pen Nib":19,"PreservedInsect":102,"Boot":29,"GoldenEye":32,"Blood Vial":53,"CaptainsWheel":49,"Sundial":21,"Ornamental Fan":64,"Molten Egg 2":53,"MealTicket":84,"Fusion Hammer":38,"HandDrill":96,"Art of War":123,"PureWater":0,"Runic Pyramid":70}]},"card_choices":[{"not_picked":["Prostrate","Evaluate"],"picked":"FlurryOfBlows","floor":1.0},{"not_picked":["ThirdEye","Nirvana"],"picked":"SandsOfTime","floor":2.0},{"not_picked":["SashWhip","EmptyBody"],"picked":"BowlingBash","floor":3.0},{"not_picked":["ThirdEye","Protect"],"picked":"CrushJoints","floor":4.0},{"not_picked":["SandsOfTime","WaveOfTheHand"],"picked":"Crescendo","floor":6.0},{"not_picked":["Consecrate","ForeignInfluence"],"picked":"CutThroughFate","floor":8.0},{"not_picked":["EmptyBody","FollowUp"],"picked":"ThirdEye","floor":11.0},{"not_picked":["FlyingSleeves","WheelKick","Evaluate"],"picked":"SKIP","floor":12.0},{"not_picked":["Consecrate","BowlingBash"],"picked":"Halt","floor":14.0},{"not_picked":["Ragnarok","Devotion"],"picked":"Scrawl","floor":16.0},{"not_picked":["Sanctity","EmptyFist"],"picked":"Adaptation+1","floor":18.0},{"not_picked":["Protect","EmptyBody"],"picked":"CutThroughFate","floor":19.0},{"not_picked":["Protect","FlyingSleeves"],"picked":"Wireheading","floor":21},{"not_picked":["WheelKick","CutThroughFate+1","Fasting2"],"picked":"SKIP","floor":23},{"not_picked":["CarveReality","PathToVictory","FlurryOfBlows"],"picked":"SKIP","floor":25},{"not_picked":["CutThroughFate+1","BowlingBash+1"],"picked":"ClearTheMind","floor":28},{"not_picked":["FlyingSleeves+1","EmptyFist+1","Wireheading"],"picked":"SKIP","floor":29},{"not_picked":["BattleHymn","FollowUp+1"],"picked":"Establishment","floor":31},{"not_picked":["DevaForm","MasterReality"],"picked":"Vault","floor":33},{"not_picked":["FollowUp+1","Indignation"],"picked":"Meditate","floor":35},{"not_picked":["SashWhip+1","Meditate"],"picked":"Worship","floor":36},{"not_picked":["Mind Blast+1","Enlightenment"],"picked":"Discovery","floor":38},{"not_picked":["Magnetism","Transmutation"],"picked":"Forethought","floor":38},{"not_picked":["Good Instincts","Chrysalis"],"picked":"Secret Technique","floor":38},{"not_picked":["FollowUp+1","ReachHeaven+1"],"picked":"JustLucky+1","floor":41},{"not_picked":["Weave+1","PathToVictory"],"picked":"WaveOfTheHand+1","floor":42},{"not_picked":["Weave+1","Wireheading","Indignation"],"picked":"SKIP","floor":44},{"not_picked":["FollowUp+1","Halt","FlurryOfBlows+1"],"picked":"SKIP","floor":45},{"not_picked":["BowlingBash+1","Worship"],"picked":"JustLucky+1","floor":48},{"not_picked":["BowlingBash+1","Halt"],"picked":"Meditate+1","floor":55}],"player_experience":132790,"relics_obtained":[{"floor":6.0,"key":"Pen Nib"},{"floor":9.0,"key":"Sundial"},{"floor":12.0,"key":"Boot"},{"floor":14.0,"key":"GoldenEye"},{"floor":23,"key":"CaptainsWheel"},{"floor":25,"key":"Blood Vial"},{"floor":26,"key":"Molten Egg 2"},{"floor":31,"key":"Ornamental Fan"},{"floor":39,"key":"Vajra"},{"floor":41,"key":"MealTicket"},{"floor":48,"key":"PreservedInsect"},{"floor":55,"key":"Art of War"}],"event_choices":[{"damage_healed":22.0,"max_hp_gain":0.0,"max_hp_loss":0.0,"gold_gain":0.0,"event_name":"Big Fish","player_choice":"Banana","floor":13.0,"gold_loss":0.0,"damage_taken":0.0},{"damage_healed":0.0,"max_hp_gain":0.0,"max_hp_loss":0.0,"gold_gain":0.0,"event_name":"Match and Keep!","player_choice":"0 cards matched","floor":20.0,"gold_loss":0.0,"damage_taken":0.0,"cards_obtained":[]},{"damage_healed":0.0,"max_hp_gain":0.0,"max_hp_loss":0.0,"gold_gain":0.0,"event_name":"Match and Keep!","player_choice":"0 cards matched","floor":20.0,"gold_loss":0.0,"damage_taken":0.0,"cards_obtained":[]},{"damage_healed":0,"gold_gain":0,"player_choice":"Bought 1 Potion","damage_taken":0,"max_hp_gain":0,"max_hp_loss":0,"event_name":"The Woman in Blue","floor":22,"gold_loss":0},{"cards_removed":["Vigilance"],"damage_healed":0,"gold_gain":0,"player_choice":"Removed Skill","damage_taken":0,"max_hp_gain":0,"max_hp_loss":0,"event_name":"Falling","floor":37,"gold_loss":0},{"damage_healed":0,"gold_gain":0,"player_choice":"Memory 3","damage_taken":10,"max_hp_gain":0,"max_hp_loss":0,"event_name":"SensoryStone","floor":38,"gold_loss":0},{"damage_healed":0,"gold_gain":0,"player_choice":"Max HP","damage_taken":0,"max_hp_gain":0,"max_hp_loss":3,"event_name":"Winding Halls","floor":47,"gold_loss":0}],"is_beta":false,"boss_relics":[{"not_picked":["VioletLotus","Sozu"],"picked":"Fusion Hammer"},{"not_picked":["Snecko Eye","Velvet Choker"],"picked":"Runic Pyramid"}],"items_purged_floors":[24,46],"is_endless":false,"potions_floor_spawned":[1,2,3,14,19,25,29,44],"killed_by":"The Heart","ascension_level":20,"potion_discard_per_floor":[[],[],[],[],[],[],[],[],[],[],[],[],[],[],[],[],[],[],[],[],[],[],[],[],[],[],[],[],["SneckoOil"],[],[],[],[],[],[],[],[],[],[],[],[],[],[],[],[],[],[],[],[],[],[],[],[],[],[],[]]}