{"neow_bonuses_skipped_log":["RANDOM_COLORLESS","TWENTY_PERCENT_HP_BONUS","BOSS_RELIC"],"neow_costs_skipped_log":["NONE","NO_GOLD","NONE"],"potions_obtained_entropic_brew":[[],[],[],[],[],[],[],[],[],[],[],[],[],[],[],[],[],[],[],[],[],[],[],[],[],[],[],[],[],[],[],[],[],[],[],[],[],[],[],[],[],[],[],[],[],[],[],[],[],[],[]],"gold_per_floor":[212,10,26,40,115,149,149,168,168,200,212,224,256,296,308,420,432,457,384,306,318,349,361,373,412,471,483,506,547,573,603,615,729,741,772,784,814,845,441,469,519,552,552,552,564,564,579,59,59,59],"floor_reached":51,"playtime":3416,"items_purged":["Defend_P","Defend_P","Consecrate"],"score":890,"play_id":"43e55367-fb92-40e2-97b5-6e8a271d0bbb","local_time":"20240706013642","score_breakdown":["Floors Climbed (51): 255","Enemies Slain (15): 30","Exordium Elites Killed (3): 30","City Elites Killed (2): 40","Beyond Elites Killed (2): 60","Bosses Slain (3): 300","Speedster: 25","Money Money (1318): 25","Champion (3): 75","Perfect (1): 50"],"is_ascension_mode":false,"potions_obtained_alchemize":[[],[],[],[],[],[],[],[],[],[],[],[],[],[],[],[],[],[],[],[],[],[],[],[],[],[],[],[],[],[],[],[],[],[],[],[],[],[],[],[],[],[],[],[],[],[],[],[],[],[],[]],"campfire_choices":[{"data":"Eruption","floor":7.0,"key":"SMITH"},{"data":"CrushJoints","floor":15.0,"key":"SMITH"},{"data":"Wallop","floor":24.0,"key":"SMITH"},{"data":"Vault","floor":27.0,"key":"SMITH"},{"data":"BowlingBash","floor":32.0,"key":"SMITH"},{"data":"Strike_P","floor":44,"key":"PURGE"},{"data":"Defend_P","floor":46,"key":"PURGE"},{"data":"Strike_P+1","floor":49,"key":"PURGE"}],"lesson_learned_per_floor":[[],[],[],[],[],[],[],[],[],[],[],[],[],[],[],[],[],[],[],[],[],[],[],[],[],[],[],[],[],[],[],[],[],[],[],[],[],[],[],[],[],[],[],[],[],[],[],[],[],[],[]],"neow_cost":"NONE","improvable_cards":{},"seed_source_timestamp":4963476202000,"shop_contents":[{"floor":2,"relics":["Gambling Chip","Anchor","HandDrill"],"cards":["CrushJoints","SashWhip","Protect","Dramatic Entrance","Thinking Ahead"],"potions":["BlessingOfTheForge","Strength Potion","Swift Potion"]},{"floor":12,"relics":["Juzu Bracelet","Damaru","Medical Kit"],"cards":["FlurryOfBlows","SashWhip","Prostrate","Judgement","MentalFortress","Blind","Transmutation"],"potions":["BlessingOfTheForge","Energy Potion","SpeedPotion"]},{"floor":39,"relics":["Regal Pillow"],"cards":["BowlingBash","SashWhip","ThirdEye","Swivel","Nirvana","Dramatic Entrance"],"potions":["FearPotion","StancePotion","Weak Potion"]},{"floor":48,"relics":[],"cards":["Consecrate","Prostrate","WreathOfFlame","Deep Breath","Transmutation"],"potions":["LiquidMemories","Strength Potion"]}],"circlet_count":0,"master_deck":["Eruption+1","Vigilance","PathToVictory","Adaptation","PathToVictory","ThirdEye","EmptyMind","CrushJoints+1","CutThroughFate","Wallop+1","Omniscience","InnerPeace+1","BowlingBash+1","Vault+1","DeusExMachina","Wallop","SpiritShield","Crescendo+1","PathToVictory+1","Master of Strategy","MentalFortress+1","Tantrum","Adaptation"],"special_seed":0,"potion_use_per_floor":[[],[],[],[],[],["Dexterity Potion"],[],[],[],[],[],[],[],[],[],[],[],["DistilledChaos"],[],[],[],[],[],[],["Explosive Potion"],[],[],[],[],[],[],[],[],[],[],[],[],[],[],[],[],[],[],[],[],[],[],[],[],["SteroidPotion","Ancient Potion"],[]],"relics":["PureWater","Vajra","Turnip","MawBank","Calipers","Runic Dome","Incense Burner","Akabeko","Bronze Scales","Blood Vial","Runic Pyramid","Membership Card","Bottled Lightning","Boot","Prayer Wheel","HornCleat","Peace Pipe","Toolbox","Ice Cream","TeardropLocket"],"potions_floor_usage":[50,50],"damage_taken":[{"damage":0.0,"enemies":"Cultist","floor":1.0,"turns":2.0},{"damage":0.0,"enemies":"Jaw Worm","floor":3.0,"turns":2.0},{"damage":0.0,"enemies":"2 Louse","floor":4.0,"turns":2.0},{"damage":18.0,"enemies":"3 Sentries","floor":6.0,"turns":12.0},{"damage":7.0,"enemies":"Blue Slaver","floor":8.0,"turns":3.0},{"damage":22.0,"enemies":"Gremlin Nob","floor":10.0,"turns":4.0},{"damage":0.0,"enemies":"Looter","floor":13.0,"turns":2.0},{"damage":21.0,"enemies":"Lagavulin","floor":14.0,"turns":5.0},{"damage":12.0,"enemies":"Hexaghost","floor":16.0,"turns":6.0},{"damage":2.0,"enemies":"2 Thieves","floor":18.0,"turns":2.0},{"damage":15.0,"enemies":"Spheric Guardian","floor":22.0,"turns":3.0},{"damage":7.0,"enemies":"Slavers","floor":25.0,"turns":5.0},{"damage":0.0,"enemies":"Cultist and Chosen","floor":28.0,"turns":3.0},{"damage":0.0,"enemies":"Gremlin Leader","floor":29.0,"turns":3.0},{"damage":5.0,"enemies":"Centurion and Healer","floor":30.0,"turns":7.0},{"damage":5.0,"enemies":"3 Cultists","floor":31.0,"turns":5.0},{"damage":2.0,"enemies":"Collector","floor":33.0,"turns":7.0},{"damage":3.0,"enemies":"Orb Walker","floor":35.0,"turns":4.0},{"damage":0.0,"enemies":"3 Shapes","floor":37.0,"turns":3.0},{"damage":0.0,"enemies":"Maw","floor":38.0,"turns":6.0},{"damage":0,"enemies":"Reptomancer","floor":40,"turns":2},{"damage":6,"enemies":"Mind Bloom Boss Battle","floor":41,"turns":5},{"damage":0,"enemies":"Giant Head","floor":42,"turns":10},{"damage":0,"enemies":"Sphere and 2 Shapes","floor":45,"turns":4},{"damage":0,"enemies":"Spire Growth","floor":47,"turns":3},{"damage":0,"enemies":"Time Eater","floor":50,"turns":5}],"green_key_taken_log":14,"seed_played":"-3324888485502689529","neow_bonus_log":{"cardsObtained":[],"cardsUpgraded":[],"cardsRemoved":[],"cardsTransformed":[],"relicsObtained":[],"maxHpGained":0,"goldGained":100,"damageTaken":0,"goldLost":0,"maxHpLost":0},"potions_obtained":[{"floor":3.0,"key":"Dexterity Potion"},{"floor":8.0,"key":"BlessingOfTheForge"},{"floor":14.0,"key":"Strength Potion"},{"floor":16.0,"key":"DistilledChaos"},{"floor":22.0,"key":"Explosive Potion"},{"floor":28.0,"key":"Dexterity Potion"},{"floor":30.0,"key":"FairyPotion"},{"floor":41,"key":"Ancient Potion"}],"is_trial":false,"path_per_floor":["M","$","M","M","?","E","R","M","T","E","?","$","M","E","R","B",null,"M","?","?","?","M","?","R","E","T","R","M","E","M","M","R","B",null,"M","?","M","M","$","E","?","E","T","R","M","R","M","$","R","B",null],"character_chosen":"WATCHER","basemod:card_modifiers":[null,null,null,null,null,null,null,null,null,null,null,null,null,null,null,null,null,null,null,null,null,null,null],"items_purchased":["Adaptation","PathToVictory","Membership Card","Bottled Lightning","Master of Strategy","Tantrum","Adaptation","Toolbox","Ice Cream","SteroidPotion","TeardropLocket"],"campfire_rested":0,"item_purchase_floors":[2,2,39,39,39,48,48,48,48,48,48],"current_hp_per_floor":[72,72,72,72,61,43,43,36,36,14,38,38,38,17,17,5,72,70,70,70,70,55,55,55,48,48,48,48,48,45,42,42,42,72,69,69,71,72,72,72,66,68,68,68,70,70,72,72,72,72],"gold":59,"neow_bonus":"HUNDRED_GOLD","is_prod":false,"is_daily":false,"rewards_skipped":[{"floor":33,"relics":[],"potions":["Fire Potion"]},{"floor":45,"relics":[],"potions":["FairyPotion"]},{"floor":47,"relics":[],"potions":["DistilledChaos"]}],"chose_seed":false,"campfire_upgraded":5,"win_rate":0,"floor_exit_playtime":[67,84,163,217,221,449,464,513,518,593,602,628,664,777,785,901,934,1021,1027,1070,1092,1221,1228,1258,1365,1369,1390,1450,1562,1688,1796,1811,2018,2034,2118,2132,2173,2280,2329,2427,2572,2829,2844,2853,2970,2981,3099,3156,3175,3416],"timestamp":1720244202,"path_taken":["M","$","M","M","?","E","R","M","T","E","?","$","M","E","R","BOSS","M","?","?","?","M","?","R","E","T","R","M","E","?","M","R","BOSS","M","?","M","M","$","E","?","E","T","R","M","R","M","$","R","BOSS"],"build_version":"2022-12-01","purchased_purges":3,"victory":true,"max_hp_per_floor":[72,72,72,72,72,72,72,72,72,72,72,72,72,72,72,72,72,72,72,72,72,72,72,72,72,72,72,72,72,72,72,72,72,72,72,72,72,72,72,72,72,72,72,72,72,72,72,72,72,72],"relic_stats":{"Ice Cream":[1],"Calipers":[685],"counters":[26,115],"MawBank":348,"Boot":[1],"Blood Vial":15,"Peace Pipe":3,"Bronze Scales":[113],"Prayer Wheel":2,"Turnip":[13],"Membership Card":785,"Bottled Lightning":"Vault","PureWater":[23],"obtain_stats":[{"Ice Cream":48,"Calipers":14,"Vajra":6,"Incense Burner":19,"TeardropLocket":48,"MawBank":10,"Boot":40,"Akabeko":25,"Blood Vial":29,"Peace Pipe":43,"Runic Dome":17,"HornCleat":42,"Bronze Scales":26,"Toolbox":48,"Prayer Wheel":41,"Turnip":9,"Membership Card":39,"Bottled Lightning":39,"PureWater":0,"Runic Pyramid":34},{"Ice Cream":25,"Calipers":8,"Vajra":4,"Incense Burner":10,"TeardropLocket":25,"MawBank":6,"Boot":21,"Akabeko":12,"Blood Vial":14,"Peace Pipe":23,"Runic Dome":9,"HornCleat":23,"Bronze Scales":12,"Toolbox":25,"Prayer Wheel":22,"Turnip":5,"Membership Card":20,"Bottled Lightning":20,"PureWater":0,"Runic Pyramid":17},{"Ice Cream":110,"Calipers":32,"Vajra":18,"Incense Burner":40,"TeardropLocket":110,"MawBank":25,"Boot":88,"Akabeko":48,"Blood Vial":54,"Peace Pipe":103,"Runic Dome":38,"HornCleat":103,"Bronze Scales":48,"Toolbox":110,"Prayer Wheel":93,"Turnip":21,"Membership Card":86,"Bottled Lightning":86,"PureWater":0,"Runic Pyramid":73}]},"card_choices":[{"not_picked":["Halt","SandsOfTime"],"picked":"PathToVictory","floor":1.0},{"not_picked":["Crescendo","CrushJoints"],"picked":"ThirdEye","floor":3.0},{"not_picked":["BowlingBash","ThirdEye"],"picked":"EmptyMind","floor":4.0},{"not_picked":["CutThroughFate","Devotion"],"picked":"CrushJoints","floor":6.0},{"not_picked":["FollowUp","LikeWater"],"picked":"Consecrate","floor":8.0},{"not_picked":["FlyingSleeves","Evaluate"],"picked":"CutThroughFate","floor":10.0},{"not_picked":["Protect","Halt","Consecrate"],"picked":"SKIP","floor":13.0},{"not_picked":["ClearTheMind","Protect"],"picked":"Wallop","floor":14.0},{"not_picked":["ConjureBlade","SpiritShield"],"picked":"Omniscience","floor":16.0},{"not_picked":["ClearTheMind","FlurryOfBlows"],"picked":"InnerPeace+1","floor":18.0},{"not_picked":["CrushJoints+1","ClearTheMind","ThirdEye"],"picked":"SKIP","floor":22.0},{"not_picked":["Fasting2","CrushJoints"],"picked":"Vault","floor":25.0},{"not_picked":["Study","CrushJoints","BowlingBash"],"picked":"SKIP","floor":28.0},{"not_picked":["Protect+1","Collect"],"picked":"DeusExMachina","floor":29.0},{"not_picked":["ThirdEye","CrushJoints","Protect"],"picked":"SKIP","floor":30.0},{"not_picked":["EmptyFist","Protect+1"],"picked":"Wallop","floor":31.0},{"not_picked":["Judgement","Establishment"],"picked":"SpiritShield","floor":33.0},{"not_picked":["Conclude+1","ThirdEye"],"picked":"Crescendo+1","floor":35.0},{"not_picked":["WindmillStrike","Evaluate","EmptyBody+1"],"picked":"SKIP","floor":37.0},{"not_picked":["Pray+1","CrushJoints"],"picked":"PathToVictory+1","floor":38.0},{"not_picked":["Protect+1","EmptyMind","Conclude"],"picked":"SKIP","floor":40},{"not_picked":["Prostrate+1","Nirvana","CutThroughFate+1"],"picked":"SKIP","floor":41},{"not_picked":["Fasting2","BattleHymn","ClearTheMind"],"picked":"SKIP","floor":42},{"not_picked":["EmptyFist","Study","ThirdEye+1"],"picked":"SKIP","floor":45},{"not_picked":["Halt+1","BowlingBash+1","Study+1"],"picked":"SKIP","floor":45},{"not_picked":["Crescendo+1","FearNoEvil+1"],"picked":"MentalFortress+1","floor":47},{"not_picked":["Alpha","Fasting2","ReachHeaven"],"picked":"SKIP","floor":47}],"player_experience":219517,"relics_obtained":[{"floor":6.0,"key":"Vajra"},{"floor":9.0,"key":"Turnip"},{"floor":10.0,"key":"MawBank"},{"floor":14.0,"key":"Calipers"},{"floor":25.0,"key":"Akabeko"},{"floor":26.0,"key":"Bronze Scales"},{"floor":29.0,"key":"Blood Vial"},{"floor":40,"key":"Boot"},{"floor":41,"key":"Prayer Wheel"},{"floor":42,"key":"HornCleat"},{"floor":43,"key":"Peace Pipe"}],"event_choices":[{"damage_healed":0.0,"max_hp_gain":0.0,"max_hp_loss":0.0,"gold_gain":75.0,"event_name":"World of Goop","player_choice":"Gather Gold","floor":5.0,"gold_loss":0.0,"damage_taken":11.0},{"damage_healed":24.0,"max_hp_gain":0.0,"max_hp_loss":0.0,"gold_gain":0.0,"event_name":"Big Fish","player_choice":"Banana","floor":11.0,"gold_loss":0.0,"damage_taken":0.0},{"damage_healed":0.0,"max_hp_gain":0.0,"max_hp_loss":0.0,"gold_gain":0.0,"event_name":"Addict","player_choice":"Obtained Relic","floor":19.0,"gold_loss":85.0,"damage_taken":0.0,"relics_obtained":["Incense Burner"]},{"cards_removed":["Strike_P"],"damage_healed":0.0,"max_hp_gain":0.0,"max_hp_loss":0.0,"gold_gain":0.0,"event_name":"Designer","player_choice":"Upgrade and Remove","floor":20.0,"gold_loss":90.0,"damage_taken":0.0,"cards_upgraded":["Strike_P"]},{"cards_removed":["Strike_P"],"damage_healed":0.0,"max_hp_gain":0.0,"max_hp_loss":0.0,"gold_gain":0.0,"event_name":"Back to Basics","player_choice":"Elegance","floor":21.0,"gold_loss":0.0,"damage_taken":0.0},{"damage_healed":0.0,"max_hp_gain":0.0,"max_hp_loss":0.0,"gold_gain":0.0,"cards_transformed":["Defend_P"],"event_name":"Transmorgrifier","player_choice":"Transformed","floor":23.0,"gold_loss":0.0,"damage_taken":0.0,"cards_obtained":["BowlingBash"]},{"damage_healed":0.0,"max_hp_gain":0.0,"max_hp_loss":0.0,"gold_gain":0.0,"event_name":"The Woman in Blue","player_choice":"Bought 0 Potions","floor":36.0,"gold_loss":0.0,"damage_taken":0.0},{"damage_healed":0,"gold_gain":0,"player_choice":"Fight","damage_taken":0,"max_hp_gain":0,"max_hp_loss":0,"event_name":"MindBloom","floor":41,"gold_loss":0}],"is_beta":false,"boss_relics":[{"not_picked":["VioletLotus","Sozu"],"picked":"Runic Dome"},{"not_picked":["Astrolabe","SlaversCollar"],"picked":"Runic Pyramid"}],"items_purged_floors":[2,39,48],"is_endless":false,"potions_floor_spawned":[3,8,14,16,22,28,30,33,41,45,47],"ascension_level":0,"potion_discard_per_floor":[[],[],[],[],[],[],[],[],[],[],[],[],[],[],[],[],[],[],[],[],[],[],[],[],[],[],[],[],[],["Dexterity Potion"],[],[],[],[],[],[],[],[],[],[],["BlessingOfTheForge"],[],[],[],[],[],[],["Strength Potion"],[],[],[]]}