{"gold_per_floor":[115,128,228,243,243,243,275,275,275,300,343,343,371,380,380,380],"floor_reached":16,"playtime":623,"items_purged":[],"score":224,"play_id":"231d3bd3-ab2b-43ff-92be-babb0a7c772f","local_time":"20230817155205","is_ascension_mode":true,"campfire_choices":[{"data":"Bash","floor":6,"key":"SMITH"},{"floor":12,"key":"REST"},{"floor":15,"key":"REST"}],"neow_cost":"NONE","seed_source_timestamp":84795318918458,"circlet_count":0,"master_deck":["AscendersBane","Strike_R","Strike_R","Strike_R","Strike_R","Strike_R","Defend_R","Defend_R","Defend_R","Defend_R","Bash+1","Clothesline","Headbutt","Impervious","Inflame","Shrug It Off","Heavy Blade","Brutality"],"relics":["Burning Blood","NeowsBlessing","Pear","CeramicFish","InkBottle","Paper Frog"],"potions_floor_usage":[8,11,11],"damage_taken":[{"damage":0,"enemies":"Jaw Worm","floor":1,"turns":1},{"damage":0,"enemies":"Cultist","floor":2,"turns":1},{"damage":0,"enemies":"Small Slimes","floor":4,"turns":1},{"damage":45,"enemies":"Lagavulin","floor":7,"turns":7},{"damage":0,"enemies":"Red Slaver","floor":8,"turns":1},{"damage":11,"enemies":"Exordium Thugs","floor":10,"turns":5},{"damage":27,"enemies":"Gremlin Nob","floor":11,"turns":4},{"damage":24,"enemies":"Exordium Wildlife","floor":13,"turns":5},{"damage":42,"enemies":"The Guardian","floor":16,"turns":9}],"seed_played":"7402277498775636168","potions_obtained":[{"floor":4,"key":"SmokeBomb"},{"floor":7,"key":"PowerPotion"},{"floor":10,"key":"ColorlessPotion"}],"is_trial":false,"path_per_floor":["M","M","?","M","?","R","E","M","T","M","E","R","M","?","R","B"],"character_chosen":"IRONCLAD","basemod:card_modifiers":[null,null,null,null,null,null,null,null,null,null,null,null,null,null,null,null,null,null],"items_purchased":[],"campfire_rested":2,"item_purchase_floors":[],"current_hp_per_floor":[74,75,75,75,67,67,28,34,34,29,8,33,15,15,40,0],"gold":380,"neow_bonus":"THREE_ENEMY_KILL","is_prod":false,"is_daily":false,"chose_seed":false,"campfire_upgraded":1,"win_rate":0,"timestamp":1692301925,"path_taken":["M","M","?","?","?","R","E","M","T","M","E","R","M","?","R","BOSS"],"build_version":"2022-12-01","purchased_purges":0,"victory":false,"max_hp_per_floor":[75,75,75,75,85,85,85,85,85,85,85,85,85,85,85,85],"card_choices":[{"not_picked":["Dark Embrace","Havoc"],"picked":"Clothesline","floor":1},{"not_picked":["Heavy Blade","Rupture"],"picked":"Headbutt","floor":2},{"not_picked":["Perfected Strike","Shrug It Off"],"picked":"Impervious","floor":4},{"not_picked":["Evolve","Hemokinesis","Second Wind"],"picked":"SKIP","floor":7},{"not_picked":["Evolve","Hemokinesis","Second Wind"],"picked":"SKIP","floor":7},{"not_picked":["Clothesline","Wild Strike"],"picked":"Inflame","floor":10},{"not_picked":["Iron Wave","Disarm"],"picked":"Shrug It Off","floor":11},{"not_picked":["Combust","Warcry"],"picked":"Heavy Blade","floor":13}],"player_experience":54078,"relics_obtained":[{"floor":7,"key":"CeramicFish"},{"floor":9,"key":"InkBottle"},{"floor":11,"key":"Paper Frog"}],"event_choices":[{"damage_healed":0,"gold_gain":100,"player_choice":"Gold","damage_taken":0,"max_hp_gain":0,"max_hp_loss":0,"event_name":"Wheel of Change","floor":3,"gold_loss":0},{"damage_healed":0,"gold_gain":0,"player_choice":"Success","damage_taken":18,"relics_obtained":["Pear"],"max_hp_gain":0,"max_hp_loss":0,"event_name":"Scrap Ooze","floor":5,"gold_loss":0},{"damage_healed":0,"gold_gain":0,"player_choice":"1 cards matched","damage_taken":0,"max_hp_gain":0,"max_hp_loss":0,"event_name":"Match and Keep!","floor":14,"gold_loss":0,"cards_obtained":["Brutality"]}],"is_beta":false,"boss_relics":[],"items_purged_floors":[],"is_endless":false,"potions_floor_spawned":[4,7,8,10],"killed_by":"The Guardian","ascension_level":20}