{"gold_per_floor":[118,118,193,207,104,135,155,155,155,27,43,43,43,68,68,141,141,157,157,174,189,222,222,256,270,270,270,270,280,280],"floor_reached":30,"playtime":1616,"items_purged":["Strike_R","Strike_R"],"score":616,"play_id":"fd547aee-87c3-4f29-9e91-cb64c55b01db","local_time":"20230814115344","is_ascension_mode":true,"campfire_choices":[{"data":"Bludgeon","floor":8,"key":"SMITH"},{"data":"Bash","floor":13,"key":"SMITH"},{"data":"Shrug It Off","floor":15,"key":"SMITH"},{"data":"Exhume","floor":23,"key":"SMITH"},{"floor":27,"key":"REST"}],"neow_cost":"NONE","seed_source_timestamp":1750806097708,"circlet_count":0,"master_deck":["AscendersBane","Strike_R","Strike_R","Defend_R","Defend_R","Defend_R","Defend_R","Bash+1","Pummel","Bludgeon+1","Headbutt","Shrug It Off+1","Warcry","Pommel Strike+1","Demon Form","Exhume+1","Pommel Strike+1","Impervious","Reaper","Battle Trance"],"relics":["Burning Blood","NeowsBlessing","Lizard Tail","Thread and Needle","TungstenRod","Velvet Choker","Centennial Puzzle","Red Mask","Frozen Egg 2","Pear"],"potions_floor_usage":[14,18,24],"damage_taken":[{"damage":0,"enemies":"Cultist","floor":1,"turns":1},{"damage":0,"enemies":"2 Louse","floor":4,"turns":2},{"damage":0,"enemies":"Lagavulin","floor":6,"turns":1},{"damage":0,"enemies":"Jaw Worm","floor":7,"turns":4},{"damage":0,"enemies":"Looter","floor":11,"turns":3},{"damage":0,"enemies":"Gremlin Nob","floor":14,"turns":3},{"damage":23,"enemies":"The Guardian","floor":16,"turns":8},{"damage":0,"enemies":"3 Byrds","floor":18,"turns":4},{"damage":7,"enemies":"2 Thieves","floor":20,"turns":4},{"damage":14,"enemies":"Snake Plant","floor":21,"turns":4},{"damage":18,"enemies":"Masked Bandits","floor":22,"turns":4},{"damage":28,"enemies":"Book of Stabbing","floor":24,"turns":4},{"damage":13,"enemies":"Snecko","floor":25,"turns":3},{"damage":15,"enemies":"3 Cultists","floor":29,"turns":6},{"damage":21,"enemies":"Gremlin Leader","floor":30,"turns":4}],"seed_played":"-8648042919915287359","potions_obtained":[{"floor":1,"key":"Explosive Potion"},{"floor":6,"key":"SpeedPotion"},{"floor":7,"key":"ColorlessPotion"},{"floor":16,"key":"Weak Potion"},{"floor":22,"key":"Block Potion"},{"floor":25,"key":"LiquidBronze"},{"floor":29,"key":"BlessingOfTheForge"}],"is_trial":false,"path_per_floor":["M","?","?","M","$","E","M","R","T","$","M","?","R","E","R","B",null,"M","?","M","M","?","R","E","M","T","R","?","M","E"],"character_chosen":"IRONCLAD","basemod:card_modifiers":[null,null,null,null,null,null,null,null,null,null,null,null,null,null,null,null,null,null,null,null],"items_purchased":["Shrug It Off","Pommel Strike"],"campfire_rested":1,"item_purchase_floors":[5,10],"current_hp_per_floor":[74,74,63,69,69,75,75,75,75,75,75,75,75,75,75,58,71,75,75,74,66,54,54,32,25,35,60,36,39,18],"gold":280,"neow_bonus":"THREE_ENEMY_KILL","is_prod":false,"is_daily":false,"chose_seed":false,"campfire_upgraded":4,"win_rate":0,"timestamp":1692028424,"path_taken":["M","?","?","M","$","E","M","R","T","$","?","?","R","E","R","BOSS","M","?","?","M","?","R","E","M","T","R","?","M","E"],"build_version":"2022-12-01","purchased_purges":2,"victory":false,"max_hp_per_floor":[75,75,75,75,75,75,75,75,75,75,75,75,75,75,75,75,75,75,75,75,75,75,75,75,75,85,85,90,90,90],"card_choices":[{"not_picked":["Fire Breathing","Heavy Blade"],"picked":"Pummel","floor":1},{"not_picked":["Twin Strike","Flex"],"picked":"Headbutt","floor":4},{"not_picked":["Sword Boomerang","Iron Wave","Warcry"],"picked":"SKIP","floor":6},{"not_picked":["Twin Strike","Warcry","Thunderclap"],"picked":"SKIP","floor":7},{"not_picked":["Twin Strike","Thunderclap"],"picked":"Warcry","floor":7},{"not_picked":["Clothesline","Perfected Strike","Headbutt"],"picked":"SKIP","floor":11},{"not_picked":["Clothesline","Barricade"],"picked":"Demon Form","floor":14},{"not_picked":["Barricade","Juggernaut"],"picked":"Exhume","floor":16},{"not_picked":["Anger","Clothesline","Ghostly Armor"],"picked":"SKIP","floor":18},{"not_picked":["Clothesline","Flex","Ghostly Armor"],"picked":"SKIP","floor":20},{"not_picked":["Cleave","Sword Boomerang"],"picked":"Pommel Strike+1","floor":21},{"not_picked":["Cleave","Clash"],"picked":"Impervious","floor":24},{"not_picked":["Pommel Strike+1","Armaments"],"picked":"Reaper","floor":25},{"not_picked":["Heavy Blade","Clash"],"picked":"Battle Trance","floor":29}],"player_experience":6194,"relics_obtained":[{"floor":6,"key":"Lizard Tail"},{"floor":9,"key":"Thread and Needle"},{"floor":14,"key":"TungstenRod"},{"floor":22,"key":"Red Mask"},{"floor":24,"key":"Frozen Egg 2"},{"floor":26,"key":"Pear"}],"event_choices":[{"damage_healed":0,"gold_gain":0,"cards_transformed":["Strike_R"],"player_choice":"Change","damage_taken":0,"max_hp_gain":0,"max_hp_loss":0,"event_name":"Living Wall","floor":2,"gold_loss":0,"cards_obtained":["Bludgeon"]},{"damage_healed":0,"gold_gain":75,"player_choice":"Gather Gold","damage_taken":11,"max_hp_gain":0,"max_hp_loss":0,"event_name":"World of Goop","floor":3,"gold_loss":0},{"damage_healed":0,"gold_gain":0,"player_choice":"Upgraded","damage_taken":0,"max_hp_gain":0,"max_hp_loss":0,"event_name":"Upgrade Shrine","floor":12,"gold_loss":0,"cards_upgraded":["Pommel Strike"]},{"damage_healed":0,"gold_gain":0,"player_choice":"Gave Potion","damage_taken":0,"relics_obtained":["Centennial Puzzle"],"max_hp_gain":0,"max_hp_loss":0,"event_name":"WeMeetAgain","floor":19,"gold_loss":0},{"damage_healed":0,"gold_gain":0,"player_choice":"Fought Bandits","damage_taken":0,"max_hp_gain":0,"max_hp_loss":0,"event_name":"Masked Bandits","floor":22,"gold_loss":0},{"damage_healed":0,"gold_gain":0,"player_choice":"Shed Blood","damage_taken":30,"max_hp_gain":5,"max_hp_loss":0,"event_name":"Forgotten Altar","floor":28,"gold_loss":0}],"is_beta":false,"boss_relics":[{"not_picked":["SacredBark","Astrolabe"],"picked":"Velvet Choker"}],"items_purged_floors":[5,10],"is_endless":false,"potions_floor_spawned":[1,6,7,16,22,25,29],"killed_by":"Gremlin Leader","ascension_level":20}