{"gold_per_floor":[57,95,129,201,201,201,201,260,260,260,304,304,51,114,114,114],"floor_reached":16,"playtime":1395,"items_purged":["Strike_R"],"score":236,"play_id":"722b2195-2852-4fd4-8d37-893ad504ff6a","local_time":"20230817101221","is_ascension_mode":true,"campfire_choices":[{"data":"HandOfGreed","floor":6,"key":"SMITH"},{"data":"Immolate","floor":10,"key":"SMITH"},{"floor":12,"key":"REST"},{"data":"Evolve","floor":15,"key":"SMITH"}],"neow_cost":"NO_GOLD","seed_source_timestamp":69059912241333,"circlet_count":0,"master_deck":["AscendersBane","Strike_R","Strike_R","Strike_R","Strike_R","Defend_R","Defend_R","Defend_R","Defend_R","Bash","HandOfGreed+1","Spot Weakness","Second Wind","Immolate+1","Disarm","Twin Strike","Evolve+1","Flame Barrier"],"relics":["Burning Blood","Golden Idol","Anchor","Smiling Mask","StrikeDummy","OrangePellets","Bag of Marbles"],"potions_floor_usage":[8,11,11],"damage_taken":[{"damage":9,"enemies":"2 Louse","floor":1,"turns":7},{"damage":1,"enemies":"Cultist","floor":2,"turns":3},{"damage":14,"enemies":"Jaw Worm","floor":3,"turns":4},{"damage":20,"enemies":"Lots of Slimes","floor":4,"turns":6},{"damage":33,"enemies":"Lagavulin","floor":8,"turns":6},{"damage":26,"enemies":"Gremlin Nob","floor":11,"turns":4},{"damage":26,"enemies":"Lagavulin","floor":14,"turns":6},{"damage":22,"enemies":"Hexaghost","floor":16,"turns":8}],"seed_played":"-963002145752231524","potions_obtained":[{"floor":2,"key":"Dexterity Potion"},{"floor":4,"key":"Explosive Potion"},{"floor":8,"key":"Ancient Potion"}],"is_trial":false,"path_per_floor":["M","M","M","M","?","R","?","E","T","R","E","R","$","E","R","B"],"character_chosen":"IRONCLAD","basemod:card_modifiers":[null,null,null,null,null,null,null,null,null,null,null,null,null,null,null,null,null,null],"items_purchased":["Evolve","OrangePellets"],"campfire_rested":1,"item_purchase_floors":[13,13],"current_hp_per_floor":[65,70,62,48,48,48,68,41,41,41,21,41,41,21,21,0],"gold":114,"neow_bonus":"RANDOM_COLORLESS_2","is_prod":false,"is_daily":false,"chose_seed":false,"campfire_upgraded":3,"win_rate":0,"timestamp":1692281541,"path_taken":["M","M","M","M","?","R","?","E","T","R","E","R","$","E","R","BOSS"],"build_version":"2022-12-01","purchased_purges":1,"victory":false,"max_hp_per_floor":[75,75,75,75,68,68,68,68,68,68,68,68,68,68,68,68],"card_choices":[{"not_picked":["Secret Technique","Transmutation"],"picked":"HandOfGreed","floor":0},{"not_picked":["Rampage","Infernal Blade"],"picked":"Spot Weakness","floor":1},{"not_picked":["Clash","Iron Wave","Power Through"],"picked":"SKIP","floor":2},{"not_picked":["Sever Soul","Havoc"],"picked":"Second Wind","floor":3},{"not_picked":["Second Wind","Thunderclap"],"picked":"Immolate","floor":4},{"not_picked":["Clothesline","Rampage"],"picked":"Disarm","floor":8},{"not_picked":["Shrug It Off","Thunderclap"],"picked":"Twin Strike","floor":11},{"not_picked":["Flex","Juggernaut"],"picked":"Flame Barrier","floor":14}],"player_experience":52288,"relics_obtained":[{"floor":8,"key":"Anchor"},{"floor":9,"key":"Smiling Mask"},{"floor":11,"key":"StrikeDummy"},{"floor":14,"key":"Bag of Marbles"}],"event_choices":[{"damage_healed":0,"gold_gain":0,"player_choice":"Lose Max HP","damage_taken":0,"relics_obtained":["Golden Idol"],"max_hp_gain":0,"max_hp_loss":7,"event_name":"Golden Idol","floor":5,"gold_loss":0},{"damage_healed":22,"gold_gain":0,"player_choice":"Banana","damage_taken":0,"max_hp_gain":0,"max_hp_loss":0,"event_name":"Big Fish","floor":7,"gold_loss":0}],"is_beta":false,"boss_relics":[],"items_purged_floors":[13],"is_endless":false,"potions_floor_spawned":[2,4,8],"killed_by":"Hexaghost","ascension_level":20}