{"gold_per_floor":[109,34,51,68,68,68,99,110,110,110,123,137,137,169,169,248,248,265,285,302,302,302],"floor_reached":22,"playtime":1100,"items_purged":[],"score":396,"play_id":"af86feea-b2d9-4b58-985e-2f48502cd95d","local_time":"20230814121218","is_ascension_mode":true,"campfire_choices":[{"data":"Cleave","floor":6,"key":"SMITH"},{"data":"Uppercut","floor":10,"key":"SMITH"},{"data":"Double Tap","floor":15,"key":"SMITH"}],"neow_cost":"NONE","seed_source_timestamp":3381305239250,"circlet_count":0,"master_deck":["AscendersBane","Bash","Anger","Cleave+1","Fire Breathing","Uppercut+1","Twin Strike","Double Tap+1","Brutality+1","Juggernaut+1","Burning Pact","Heavy Blade","Impervious","Body Slam","Fiend Fire","Clash","Dual Wield","Reckless Charge","Corruption+1","Decay"],"relics":["Runic Dome","Vajra","Frozen Egg 2","Champion Belt","Pandora\u0027s Box"],"potions_floor_usage":[7,11,19,22,22],"damage_taken":[{"damage":1,"enemies":"Cultist","floor":1,"turns":3},{"damage":3,"enemies":"2 Louse","floor":3,"turns":2},{"damage":7,"enemies":"Jaw Worm","floor":4,"turns":2},{"damage":10,"enemies":"Lagavulin","floor":7,"turns":5},{"damage":15,"enemies":"Large Slime","floor":8,"turns":4},{"damage":16,"enemies":"Lots of Slimes","floor":11,"turns":3},{"damage":3,"enemies":"Blue Slaver","floor":12,"turns":2},{"damage":6,"enemies":"Gremlin Nob","floor":14,"turns":3},{"damage":14,"enemies":"Slime Boss","floor":16,"turns":7},{"damage":1,"enemies":"Shell Parasite","floor":18,"turns":2},{"damage":9,"enemies":"Chosen","floor":19,"turns":3},{"damage":45,"enemies":"Snake Plant","floor":20,"turns":4},{"damage":13,"enemies":"Sentry and Sphere","floor":22,"turns":4}],"seed_played":"-9215113396779037091","potions_obtained":[{"floor":3,"key":"AttackPotion"},{"floor":4,"key":"Ancient Potion"},{"floor":8,"key":"Swift Potion"},{"floor":12,"key":"Weak Potion"},{"floor":18,"key":"Ancient Potion"},{"floor":20,"key":"SkillPotion"}],"is_trial":false,"path_per_floor":["M","?","M","M","?","R","E","M","T","R","M","M","?","E","R","B",null,"M","M","M","?","M"],"character_chosen":"IRONCLAD","basemod:card_modifiers":[null,null,null,null,null,null,null,null,null,null,null,null,null,null,null,null,null,null,null,null],"items_purchased":[],"campfire_rested":0,"item_purchase_floors":[],"current_hp_per_floor":[67,67,64,57,57,57,47,32,32,32,16,13,38,32,32,18,61,60,51,6,6,0],"gold":302,"neow_bonus":"BOSS_RELIC","is_prod":false,"is_daily":false,"chose_seed":false,"campfire_upgraded":3,"win_rate":0,"timestamp":1692029538,"path_taken":["M","?","M","M","?","R","E","M","T","R","M","M","?","E","R","BOSS","M","M","M","?","M"],"build_version":"2022-12-01","purchased_purges":0,"victory":false,"max_hp_per_floor":[75,75,75,75,75,75,75,75,75,75,75,75,75,75,75,75,75,75,75,75,75,75],"card_choices":[{"not_picked":["Clash","Bloodletting"],"picked":"Anger","floor":1},{"not_picked":["Warcry","Body Slam"],"picked":"Cleave","floor":3},{"not_picked":["Dropkick","Intimidate"],"picked":"Fire Breathing","floor":4},{"not_picked":["Flex","Dropkick","Clash"],"picked":"SKIP","floor":7},{"not_picked":["Sword Boomerang","Ghostly Armor"],"picked":"Uppercut","floor":8},{"not_picked":["Perfected Strike","Fire Breathing+1"],"picked":"Twin Strike","floor":11},{"not_picked":["Flex","Searing Blow","Thunderclap"],"picked":"SKIP","floor":12},{"not_picked":["Seeing Red","Sword Boomerang"],"picked":"Double Tap","floor":14},{"not_picked":["Berserk+1","Double Tap"],"picked":"Brutality+1","floor":16},{"not_picked":["Clash","Sword Boomerang","Armaments"],"picked":"SKIP","floor":18},{"not_picked":["Heavy Blade","True Grit"],"picked":"Reckless Charge","floor":19},{"not_picked":["Seeing Red","Flame Barrier"],"picked":"Corruption+1","floor":20}],"player_experience":7810,"relics_obtained":[{"floor":7,"key":"Vajra"},{"floor":9,"key":"Frozen Egg 2"},{"floor":14,"key":"Champion Belt"}],"event_choices":[{"cards_removed":["Strike_R"],"damage_healed":0,"gold_gain":0,"player_choice":"Card Removal","damage_taken":0,"max_hp_gain":0,"max_hp_loss":0,"event_name":"The Cleric","floor":2,"gold_loss":75},{"damage_healed":0,"gold_gain":0,"player_choice":"Ignored","damage_taken":0,"max_hp_gain":0,"max_hp_loss":0,"event_name":"Liars Game","floor":5,"gold_loss":0},{"damage_healed":25,"gold_gain":0,"player_choice":"Banana","damage_taken":0,"max_hp_gain":0,"max_hp_loss":0,"event_name":"Big Fish","floor":13,"gold_loss":0},{"damage_healed":0,"gold_gain":0,"player_choice":"Smashed Altar","damage_taken":0,"max_hp_gain":0,"max_hp_loss":0,"event_name":"Forgotten Altar","floor":21,"gold_loss":0,"cards_obtained":["Decay"]}],"is_beta":false,"boss_relics":[{"not_picked":["Sozu","Black Star"],"picked":"Pandora\u0027s Box"}],"items_purged_floors":[],"is_endless":false,"potions_floor_spawned":[3,4,8,12,18,20],"killed_by":"Sentry and Sphere","ascension_level":20}