{"gold_per_floor":[113,132,132,149,13,13,39,4,4,35,35,35,35,49,49,124,124,135,135,147,167,167,167,167],"floor_reached":24,"playtime":1106,"items_purged":[],"score":408,"play_id":"a82a2498-6191-4dee-99a9-2328449b99e9","local_time":"20230817191229","is_ascension_mode":true,"campfire_choices":[{"data":"Heavy Blade","floor":6,"key":"SMITH"},{"data":"Fiend Fire","floor":11,"key":"SMITH"},{"data":"Cleave","floor":15,"key":"SMITH"},{"floor":23,"key":"REST"}],"neow_cost":"NONE","seed_source_timestamp":95492078289042,"circlet_count":0,"master_deck":["AscendersBane","Bash","Cleave+1","Anger","Battle Trance","Heavy Blade+1","Shockwave","Fiend Fire+1","Demon Form","Flame Barrier","Iron Wave","Double Tap","Twin Strike","Feed","Second Wind","True Grit","Armaments","Decay"],"relics":["Burning Blood","Vajra","Letter Opener","Matryoshka","Toy Ornithopter","Pandora\u0027s Box"],"potions_floor_usage":[7,10,16],"damage_taken":[{"damage":7,"enemies":"Cultist","floor":1,"turns":4},{"damage":9,"enemies":"Jaw Worm","floor":2,"turns":4},{"damage":0,"enemies":"Small Slimes","floor":4,"turns":2},{"damage":20,"enemies":"3 Sentries","floor":7,"turns":5},{"damage":24,"enemies":"Gremlin Nob","floor":10,"turns":4},{"damage":6,"enemies":"Looter","floor":14,"turns":2},{"damage":21,"enemies":"Slime Boss","floor":16,"turns":8},{"damage":33,"enemies":"Spheric Guardian","floor":18,"turns":4},{"damage":27,"enemies":"Chosen","floor":20,"turns":4},{"damage":17,"enemies":"Centurion and Healer","floor":21,"turns":7},{"damage":37,"enemies":"Slavers","floor":24,"turns":2}],"seed_played":"-3169182034259213137","potions_obtained":[{"floor":1,"key":"BlessingOfTheForge"},{"floor":7,"key":"DistilledChaos"}],"is_trial":false,"path_per_floor":["M","M","?","M","$","R","E","?","T","E","R","?","$","M","R","B",null,"M","?","M","M","?","R","E"],"character_chosen":"IRONCLAD","basemod:card_modifiers":[null,null,null,null,null,null,null,null,null,null,null,null,null,null,null,null,null,null],"items_purchased":["Shockwave","Strength Potion"],"campfire_rested":1,"item_purchase_floors":[5,5],"current_hp_per_floor":[67,64,64,70,70,70,56,74,74,56,56,49,49,49,49,39,66,39,39,18,11,11,34,0],"gold":167,"neow_bonus":"RANDOM_COMMON_RELIC","is_prod":false,"is_daily":false,"chose_seed":false,"campfire_upgraded":3,"win_rate":0,"timestamp":1692313949,"path_taken":["M","M","?","M","$","R","E","?","T","E","R","?","?","M","R","BOSS","M","?","M","M","?","R","E"],"build_version":"2022-12-01","purchased_purges":0,"victory":false,"max_hp_per_floor":[75,75,75,75,75,75,75,75,75,75,75,75,75,75,75,75,75,75,75,75,79,79,79,79],"card_choices":[{"not_picked":["Evolve","Clothesline"],"picked":"Cleave","floor":1},{"not_picked":["Cleave","True Grit"],"picked":"Anger","floor":2},{"not_picked":["Shrug It Off","Iron Wave"],"picked":"Heavy Blade","floor":4},{"not_picked":["Thunderclap","Reckless Charge"],"picked":"Fiend Fire","floor":7},{"not_picked":["Warcry","Wild Strike","Clothesline"],"picked":"SKIP","floor":10},{"not_picked":["Searing Blow","Anger","Cleave"],"picked":"SKIP","floor":14},{"not_picked":["Feed","Fiend Fire"],"picked":"Demon Form","floor":16},{"not_picked":["Uppercut","Wild Strike"],"picked":"Second Wind","floor":18},{"not_picked":["Anger","Sword Boomerang","Clash"],"picked":"SKIP","floor":20},{"not_picked":["Heavy Blade","Reckless Charge","Shockwave"],"picked":"SKIP","floor":21}],"player_experience":60182,"relics_obtained":[{"floor":7,"key":"Letter Opener"},{"floor":9,"key":"Matryoshka"},{"floor":10,"key":"Toy Ornithopter"}],"event_choices":[{"damage_healed":0,"gold_gain":0,"cards_transformed":["Strike_R"],"player_choice":"Change","damage_taken":0,"max_hp_gain":0,"max_hp_loss":0,"event_name":"Living Wall","floor":3,"gold_loss":0,"cards_obtained":["Battle Trance"]},{"damage_healed":18,"gold_gain":0,"player_choice":"Healed","damage_taken":0,"max_hp_gain":0,"max_hp_loss":0,"event_name":"The Cleric","floor":8,"gold_loss":35},{"cards_removed":["Strike_R"],"damage_healed":0,"gold_gain":0,"player_choice":"Card Removal","damage_taken":7,"max_hp_gain":0,"max_hp_loss":0,"event_name":"Golden Wing","floor":12,"gold_loss":0},{"damage_healed":0,"gold_gain":0,"cards_transformed":["Iron Wave","Havoc"],"player_choice":"Became Test Subject","damage_taken":0,"max_hp_gain":0,"max_hp_loss":0,"event_name":"Drug Dealer","floor":19,"gold_loss":0,"cards_obtained":["True Grit","Armaments"]},{"damage_healed":0,"gold_gain":0,"player_choice":"Smashed Altar","damage_taken":0,"max_hp_gain":0,"max_hp_loss":0,"event_name":"Forgotten Altar","floor":22,"gold_loss":0,"cards_obtained":["Decay"]}],"is_beta":false,"boss_relics":[{"not_picked":["Black Star","Calling Bell"],"picked":"Pandora\u0027s Box"}],"items_purged_floors":[],"is_endless":false,"potions_floor_spawned":[1,7],"killed_by":"Slavers","ascension_level":20}