{"gold_per_floor":[113,113,38,61,82,82,100,133,158,158,172,185,185,224,224,224],"floor_reached":16,"playtime":961,"items_purged":[],"score":224,"play_id":"bb5b30d3-3241-483a-a501-8048bb18cd1f","local_time":"20230820101311","is_ascension_mode":true,"campfire_choices":[{"data":"Pommel Strike","floor":6,"key":"SMITH"},{"floor":13,"key":"REST"},{"data":"Bash","floor":15,"key":"SMITH"}],"neow_cost":"NONE","seed_source_timestamp":567034078458,"circlet_count":0,"master_deck":["AscendersBane","Strike_R","Strike_R","Strike_R","Strike_R","Defend_R","Defend_R","Defend_R","Defend_R","Bash+1","Anger","Pommel Strike+1","Thunderclap","Perfected Strike","Evolve","Spot Weakness","Second Wind"],"relics":["Burning Blood","Golden Idol","Blood Vial","Oddly Smooth Stone"],"potions_floor_usage":[8,14,16],"damage_taken":[{"damage":7,"enemies":"Jaw Worm","floor":1,"turns":4},{"damage":6,"enemies":"Small Slimes","floor":4,"turns":3},{"damage":6,"enemies":"Cultist","floor":5,"turns":3},{"damage":15,"enemies":"Lots of Slimes","floor":7,"turns":3},{"damage":20,"enemies":"3 Sentries","floor":8,"turns":6},{"damage":27,"enemies":"Exordium Wildlife","floor":11,"turns":3},{"damage":12,"enemies":"Looter","floor":12,"turns":3},{"damage":25,"enemies":"Lagavulin","floor":14,"turns":6},{"damage":27,"enemies":"Hexaghost","floor":16,"turns":7}],"seed_played":"-2961194707986962551","potions_obtained":[{"floor":5,"key":"FearPotion"},{"floor":7,"key":"Explosive Potion"},{"floor":10,"key":"Ancient Potion"},{"floor":10,"key":"Weak Potion"},{"floor":14,"key":"AttackPotion"}],"is_trial":false,"path_per_floor":["M","?","?","M","M","R","M","E","T","?","M","M","R","E","R","B"],"character_chosen":"IRONCLAD","basemod:card_modifiers":[null,null,null,null,null,null,null,null,null,null,null,null,null,null,null,null,null],"items_purchased":[],"campfire_rested":1,"item_purchase_floors":[],"current_hp_per_floor":[67,67,67,67,67,67,58,44,44,44,25,21,41,24,24,0],"gold":224,"neow_bonus":"THREE_CARDS","is_prod":false,"is_daily":false,"chose_seed":false,"campfire_upgraded":2,"win_rate":0,"timestamp":1692540791,"path_taken":["M","?","?","M","?","R","M","E","T","?","M","M","R","E","R","BOSS"],"build_version":"2022-12-01","purchased_purges":0,"victory":false,"max_hp_per_floor":[75,68,68,68,68,68,68,68,68,68,68,68,68,68,68,68],"card_choices":[{"not_picked":["Burning Pact","Thunderclap"],"picked":"Anger","floor":0},{"not_picked":["Body Slam","Cleave"],"picked":"Pommel Strike","floor":1},{"not_picked":["Headbutt","Combust"],"picked":"Thunderclap","floor":4},{"not_picked":["Dark Embrace","Battle Trance"],"picked":"Perfected Strike","floor":5},{"not_picked":["Seeing Red","Thunderclap"],"picked":"Evolve","floor":7},{"not_picked":["Wild Strike","Clash","Havoc"],"picked":"SKIP","floor":8},{"not_picked":["Shrug It Off","True Grit"],"picked":"Spot Weakness","floor":11},{"not_picked":["Shrug It Off","Clothesline","Perfected Strike"],"picked":"SKIP","floor":12},{"not_picked":["Shrug It Off","Clothesline"],"picked":"Second Wind","floor":14}],"player_experience":28868,"relics_obtained":[{"floor":8,"key":"Blood Vial"},{"floor":14,"key":"Oddly Smooth Stone"}],"event_choices":[{"damage_healed":0,"gold_gain":0,"player_choice":"Lose Max HP","damage_taken":0,"relics_obtained":["Golden Idol"],"max_hp_gain":0,"max_hp_loss":7,"event_name":"Golden Idol","floor":2,"gold_loss":0},{"cards_removed":["Strike_R"],"damage_healed":0,"gold_gain":0,"player_choice":"Card Removal","damage_taken":0,"max_hp_gain":0,"max_hp_loss":0,"event_name":"The Cleric","floor":3,"gold_loss":75},{"damage_healed":0,"gold_gain":0,"player_choice":"Got Potions","damage_taken":0,"max_hp_gain":0,"max_hp_loss":0,"event_name":"Lab","floor":10,"gold_loss":0}],"is_beta":false,"boss_relics":[],"items_purged_floors":[],"is_endless":false,"potions_floor_spawned":[5,7,14],"killed_by":"Hexaghost","ascension_level":20}