{"gold_per_floor":[212,222,240,7,34,34,62,62,85,100,100,127,138,63,63,63],"floor_reached":16,"playtime":904,"items_purged":["Strike_R"],"score":220,"play_id":"9d83e1a2-979c-4894-92f3-fd75dc09a8a2","local_time":"20230824121922","is_ascension_mode":true,"campfire_choices":[{"data":"Wild Strike","floor":6,"key":"SMITH"},{"data":"Fire Breathing","floor":8,"key":"SMITH"},{"data":"Bash","floor":11,"key":"SMITH"},{"data":"Second Wind","floor":15,"key":"SMITH"}],"neow_cost":"NONE","seed_source_timestamp":64120323692208,"circlet_count":0,"master_deck":["AscendersBane","Strike_R","Strike_R","Strike_R","Defend_R","Defend_R","Defend_R","Defend_R","Bash+1","Fire Breathing+1","Wild Strike+1","Headbutt","Second Wind+1","Dagger Spray","SandsOfTime"],"relics":["Burning Blood","PrismaticShard","Lantern","Smiling Mask","Bottled Flame"],"potions_floor_usage":[7,13],"damage_taken":[{"damage":6,"enemies":"Cultist","floor":1,"turns":4},{"damage":1,"enemies":"2 Louse","floor":2,"turns":3},{"damage":11,"enemies":"Jaw Worm","floor":3,"turns":4},{"damage":10,"enemies":"3 Sentries","floor":7,"turns":5},{"damage":18,"enemies":"Exordium Thugs","floor":10,"turns":5},{"damage":32,"enemies":"Gremlin Nob","floor":12,"turns":4},{"damage":3,"enemies":"Lots of Slimes","floor":13,"turns":3},{"damage":36,"enemies":"Hexaghost","floor":16,"turns":7}],"seed_played":"-6687800199453642367","potions_obtained":[{"floor":2,"key":"PowerPotion"},{"floor":10,"key":"SpeedPotion"}],"is_trial":false,"path_per_floor":["M","M","M","$","T","R","E","R","T","M","R","E","M","?","R","B"],"character_chosen":"IRONCLAD","basemod:card_modifiers":[null,null,null,null,null,null,null,null,null,null,null,null,null,null,null],"items_purchased":["PrismaticShard"],"campfire_rested":0,"item_purchase_floors":[4],"current_hp_per_floor":[68,73,68,68,68,68,64,64,64,52,52,26,29,29,29,0],"gold":63,"neow_bonus":"HUNDRED_GOLD","is_prod":false,"is_daily":false,"chose_seed":false,"campfire_upgraded":4,"win_rate":0,"timestamp":1692893962,"path_taken":["M","M","M","$","?","R","E","R","T","M","R","E","M","?","R","BOSS"],"build_version":"2022-12-01","purchased_purges":1,"victory":false,"max_hp_per_floor":[75,75,75,75,75,75,75,75,75,75,75,75,75,75,75,75],"card_choices":[{"not_picked":["Iron Wave","Body Slam"],"picked":"Fire Breathing","floor":1},{"not_picked":["Pommel Strike","Flex"],"picked":"Wild Strike","floor":2},{"not_picked":["Bludgeon","Havoc"],"picked":"Headbutt","floor":3},{"not_picked":["Swivel","Double Energy"],"picked":"Second Wind","floor":7},{"not_picked":["Stack","ClearTheMind"],"picked":"Dagger Spray","floor":10},{"not_picked":["Outmaneuver","Double Energy"],"picked":"SandsOfTime","floor":12},{"not_picked":["Caltrops","EmptyMind","CrushJoints"],"picked":"SKIP","floor":13}],"player_experience":72437,"relics_obtained":[{"floor":5,"key":"Lantern"},{"floor":7,"key":"Smiling Mask"},{"floor":12,"key":"Bottled Flame"}],"event_choices":[{"cards_removed":["Strike_R"],"damage_healed":0,"gold_gain":0,"player_choice":"Card Removal","damage_taken":0,"max_hp_gain":0,"max_hp_loss":0,"event_name":"The Cleric","floor":14,"gold_loss":75}],"is_beta":false,"boss_relics":[],"items_purged_floors":[4],"is_endless":false,"potions_floor_spawned":[2,10],"killed_by":"Hexaghost","ascension_level":20}