{"gold_per_floor":[369,387,146,158,173,173,188,188,188,222,222,281,311,327,327,327],"floor_reached":16,"playtime":897,"items_purged":["Strike_R"],"score":224,"play_id":"50f0f7e2-eab0-44f0-92fd-5d906772a469","local_time":"20230820102916","is_ascension_mode":true,"campfire_choices":[{"data":"Pommel Strike","floor":6.0,"key":"SMITH"},{"data":"Bash","floor":8.0,"key":"SMITH"},{"data":"Shockwave","floor":11,"key":"SMITH"},{"data":"Strike_R","floor":15,"key":"PURGE"}],"neow_cost":"TEN_PERCENT_HP_LOSS","seed_source_timestamp":1546289034750,"circlet_count":0,"master_deck":["AscendersBane","Strike_R","Strike_R","Strike_R","Defend_R","Defend_R","Defend_R","Defend_R","Bash+1","Headbutt","Pommel Strike+1","Anger","Shockwave+1","Cleave","Ghostly Armor"],"special_seed":0,"relics":["Burning Blood","PreservedInsect","Matryoshka","Happy Flower","Peace Pipe","Charon\u0027s Ashes"],"potions_floor_usage":[10,12,16],"damage_taken":[{"damage":6.0,"enemies":"2 Louse","floor":1.0,"turns":3.0},{"damage":7.0,"enemies":"Small Slimes","floor":2.0,"turns":3.0},{"damage":7.0,"enemies":"Jaw Worm","floor":4.0,"turns":3.0},{"damage":11.0,"enemies":"2 Fungi Beasts","floor":5.0,"turns":3.0},{"damage":9.0,"enemies":"3 Louse","floor":7.0,"turns":4.0},{"damage":15,"enemies":"3 Sentries","floor":10,"turns":4},{"damage":8,"enemies":"Gremlin Nob","floor":12,"turns":3},{"damage":6,"enemies":"Gremlin Nob","floor":13,"turns":3},{"damage":17,"enemies":"Exordium Thugs","floor":14,"turns":3},{"damage":38,"enemies":"The Guardian","floor":16,"turns":10}],"seed_played":"8301643859390477206","potions_obtained":[{"floor":2.0,"key":"SteroidPotion"},{"floor":5.0,"key":"SteroidPotion"},{"floor":7.0,"key":"BlessingOfTheForge"},{"floor":13,"key":"SneckoOil"}],"is_trial":false,"path_per_floor":["M","M","$","M","M","R","M","R","T","E","R","?","E","M","R","B"],"character_chosen":"IRONCLAD","basemod:card_modifiers":[null,null,null,null,null,null,null,null,null,null,null,null,null,null,null],"items_purchased":["PreservedInsect"],"campfire_rested":0,"item_purchase_floors":[3],"current_hp_per_floor":[68,67,67,66,61,61,58,58,58,49,49,47,47,36,36,0],"gold":327,"neow_bonus":"TWO_FIFTY_GOLD","is_prod":false,"is_daily":false,"chose_seed":false,"campfire_upgraded":3,"win_rate":0,"timestamp":1692541756,"path_taken":["M","M","$","M","M","R","M","R","T","E","R","?","E","M","R","BOSS"],"build_version":"2022-12-01","purchased_purges":1,"victory":false,"max_hp_per_floor":[68,68,68,68,68,68,68,68,68,68,68,68,68,68,68,68],"card_choices":[{"not_picked":["Havoc","Body Slam"],"picked":"Headbutt","floor":1.0},{"not_picked":["Shrug It Off","Warcry"],"picked":"Pommel Strike","floor":2.0},{"not_picked":["Bloodletting","Body Slam","Headbutt"],"picked":"SKIP","floor":4.0},{"not_picked":["Clothesline","Fire Breathing","Body Slam"],"picked":"SKIP","floor":5.0},{"not_picked":["Fire Breathing","Havoc"],"picked":"Anger","floor":7.0},{"not_picked":["Perfected Strike","Burning Pact"],"picked":"Shockwave","floor":10},{"not_picked":["Hemokinesis","Iron Wave"],"picked":"Cleave","floor":12},{"not_picked":["Sword Boomerang","Havoc","Seeing Red"],"picked":"SKIP","floor":13},{"not_picked":["Inflame","Body Slam"],"picked":"Ghostly Armor","floor":14}],"player_experience":29829,"relics_obtained":[{"floor":9.0,"key":"Matryoshka"},{"floor":10,"key":"Happy Flower"},{"floor":13,"key":"Charon\u0027s Ashes"}],"event_choices":[{"damage_healed":0,"gold_gain":0,"player_choice":"Searched \u00272\u0027 times","damage_taken":0,"relics_obtained":["Peace Pipe"],"max_hp_gain":0,"max_hp_loss":0,"event_name":"Dead Adventurer","floor":12,"gold_loss":0}],"is_beta":false,"boss_relics":[],"items_purged_floors":[3],"is_endless":false,"potions_floor_spawned":[2,5,7,13],"killed_by":"The Guardian","ascension_level":20}