{"gold_per_floor":[111,122,122,137,58,58,69,101,101,111,139,155,169,196,196,274,274,291,341,341,357,97,97,124,134,158,171,199,269,269,289,289,289],"floor_reached":33,"playtime":2993,"items_purged":["Twin Strike"],"score":768,"play_id":"d743c6d2-c774-4e0b-b8b8-5368545d53e9","local_time":"20230822105147","is_ascension_mode":true,"campfire_choices":[{"data":"Sever Soul","floor":6.0,"key":"SMITH"},{"data":"Shockwave","floor":15.0,"key":"SMITH"},{"data":"Corruption","floor":23,"key":"SMITH"},{"data":"Ghostly","floor":30,"key":"SMITH"},{"data":"Ghostly","floor":32,"key":"SMITH"}],"neow_cost":"NONE","seed_source_timestamp":3919352167875,"circlet_count":0,"master_deck":["AscendersBane","Bash","Warcry","Shrug It Off","Sever Soul+1","Double Tap","Warcry","Juggernaut","Impervious","Immolate+1","Body Slam","Anger","Feel No Pain","Corruption+1","Burning Pact","Shockwave+1","Exhume","Ghostly+1","Ghostly+1","Ghostly","Second Wind","Shrug It Off","Fiend Fire"],"special_seed":0,"relics":["Pandora\u0027s Box","MealTicket","Bottled Lightning","The Courier","Runic Pyramid","OrangePellets","Red Skull","Bag of Marbles","Self Forming Clay","Gremlin Horn"],"potions_floor_usage":[24,27,28,33],"damage_taken":[{"damage":0.0,"enemies":"Small Slimes","floor":1.0,"turns":2.0},{"damage":0.0,"enemies":"Cultist","floor":2.0,"turns":2.0},{"damage":0.0,"enemies":"2 Louse","floor":4.0,"turns":1.0},{"damage":0.0,"enemies":"Exordium Wildlife","floor":7.0,"turns":2.0},{"damage":11.0,"enemies":"Gremlin Nob","floor":8.0,"turns":3.0},{"damage":0.0,"enemies":"Blue Slaver","floor":10.0,"turns":3.0},{"damage":0.0,"enemies":"3 Sentries","floor":11.0,"turns":1.0},{"damage":0.0,"enemies":"Red Slaver","floor":12.0,"turns":1.0},{"damage":0.0,"enemies":"3 Louse","floor":13.0,"turns":1.0},{"damage":26.0,"enemies":"Gremlin Nob","floor":14.0,"turns":4.0},{"damage":12.0,"enemies":"Hexaghost","floor":16.0,"turns":8.0},{"damage":10.0,"enemies":"2 Thieves","floor":18.0,"turns":4.0},{"damage":0.0,"enemies":"Spheric Guardian","floor":21.0,"turns":4.0},{"damage":0,"enemies":"Gremlin Leader","floor":24,"turns":7},{"damage":12,"enemies":"Shelled Parasite and Fungi","floor":25,"turns":3},{"damage":5,"enemies":"Sentry and Sphere","floor":27,"turns":5},{"damage":9,"enemies":"Book of Stabbing","floor":28,"turns":6},{"damage":0,"enemies":"3 Cultists","floor":31,"turns":3},{"damage":19,"enemies":"Champ","floor":33,"turns":14}],"seed_played":"8285425609116736865","potions_obtained":[{"floor":7.0,"key":"DuplicationPotion"},{"floor":10.0,"key":"PowerPotion"},{"floor":16.0,"key":"Strength Potion"},{"floor":25,"key":"ColorlessPotion"},{"floor":28,"key":"Block Potion"}],"is_trial":false,"path_per_floor":["M","M","?","M","$","R","M","E","T","M","E","M","M","E","R","B",null,"M","?","?","M","$","R","E","M","T","M","E","T","R","M","R","B"],"character_chosen":"IRONCLAD","basemod:card_modifiers":[null,null,null,null,null,null,null,null,null,null,null,null,null,null,null,null,null,null,null,null,null,null,null],"items_purchased":["Feel No Pain","Second Wind","OrangePellets"],"campfire_rested":0,"item_purchase_floors":[5,22,22],"current_hp_per_floor":[68,68,68,68,68,68,68,57,57,57,57,57,57,31,31,19,61,51,51,37,37,37,37,37,25,25,20,11,11,11,11,11,0],"gold":289,"neow_bonus":"BOSS_RELIC","is_prod":false,"is_daily":false,"chose_seed":false,"campfire_upgraded":5,"win_rate":0,"timestamp":1692715907,"path_taken":["M","M","?","M","$","R","M","E","T","M","E","?","M","E","R","BOSS","M","?","?","M","?","R","E","M","T","M","E","?","R","M","R","BOSS"],"build_version":"2022-12-01","purchased_purges":1,"victory":false,"max_hp_per_floor":[75,75,75,75,75,75,75,75,75,75,75,75,75,75,75,75,75,75,75,37,37,37,37,37,37,37,37,37,37,37,37,37,37],"card_choices":[{"not_picked":["Heavy Blade","Infernal Blade"],"picked":"Body Slam","floor":1.0},{"not_picked":["Anger","Perfected Strike","Wild Strike"],"picked":"SKIP","floor":2.0},{"not_picked":["Perfected Strike","Wild Strike"],"picked":"Anger","floor":2.0},{"not_picked":["Headbutt","Sword Boomerang","Bloodletting"],"picked":"SKIP","floor":4.0},{"not_picked":["Perfected Strike","Headbutt"],"picked":"Corruption","floor":7.0},{"not_picked":["Power Through","Dual Wield","Clash"],"picked":"SKIP","floor":8.0},{"not_picked":["Uppercut","Searing Blow","Combust"],"picked":"SKIP","floor":10.0},{"not_picked":["Intimidate","Dual Wield"],"picked":"Burning Pact","floor":11.0},{"not_picked":["Twin Strike","Dropkick","Heavy Blade"],"picked":"SKIP","floor":12.0},{"not_picked":["Ghostly Armor","Cleave","Wild Strike"],"picked":"SKIP","floor":13.0},{"not_picked":["Rage","Offering"],"picked":"Shockwave","floor":14.0},{"not_picked":["Corruption","Berserk"],"picked":"Exhume","floor":16.0},{"not_picked":["Dropkick","Iron Wave+1","Wild Strike"],"picked":"SKIP","floor":18.0},{"not_picked":["Dropkick","Iron Wave+1","Wild Strike"],"picked":"SKIP","floor":18.0},{"not_picked":["Bloodletting","Sword Boomerang","Blood for Blood"],"picked":"SKIP","floor":21.0},{"not_picked":["Flex","Intimidate+1","Thunderclap"],"picked":"SKIP","floor":24},{"not_picked":["Pummel+1","Warcry","Sword Boomerang"],"picked":"SKIP","floor":25},{"not_picked":["Brutality","Pommel Strike"],"picked":"Shrug It Off","floor":27},{"not_picked":["Pummel","Rupture"],"picked":"Fiend Fire","floor":28},{"not_picked":["Body Slam","Headbutt","Havoc"],"picked":"SKIP","floor":31}],"player_experience":60557,"relics_obtained":[{"floor":8.0,"key":"MealTicket"},{"floor":11.0,"key":"Bottled Lightning"},{"floor":14.0,"key":"The Courier"},{"floor":24,"key":"Red Skull"},{"floor":26,"key":"Bag of Marbles"},{"floor":28,"key":"Self Forming Clay"},{"floor":29,"key":"Gremlin Horn"}],"event_choices":[{"damage_healed":0.0,"max_hp_gain":0.0,"max_hp_loss":0.0,"gold_gain":0.0,"event_name":"Accursed Blacksmith","player_choice":"Forge","floor":3.0,"gold_loss":0.0,"damage_taken":0.0,"cards_upgraded":["Immolate"]},{"damage_healed":0.0,"max_hp_gain":0.0,"max_hp_loss":0.0,"gold_gain":50.0,"event_name":"Nest","player_choice":"Stole From Cult","floor":19.0,"gold_loss":0.0,"damage_taken":0.0},{"damage_healed":0.0,"max_hp_gain":0.0,"max_hp_loss":38.0,"gold_gain":0.0,"event_name":"Ghosts","player_choice":"Became a Ghost","floor":20.0,"gold_loss":0.0,"damage_taken":0.0,"cards_obtained":["Ghostly","Ghostly","Ghostly"]}],"is_beta":false,"boss_relics":[{"not_picked":["Astrolabe","Coffee Dripper"],"picked":"Runic Pyramid"}],"items_purged_floors":[22],"is_endless":false,"potions_floor_spawned":[7,10,13,16,25,28],"killed_by":"Champ","ascension_level":20}