{"gold_per_floor":[116,191,202,202,127,160,160,179,234,234,61,71,400,450,450,524,524,501,186,204,224,239,239,251,285,330,370,125,125,136,18,18,95,95,113,113,123,136,146,172,172,199,199,149,159,179,205,220,220,220,220,220,220,37,64,64],"floor_reached":56,"playtime":5821,"items_purged":["Strike_R","Strike_R","Strike_R"],"score":2253,"play_id":"fa51446a-2645-4447-8425-70a0ed4cd906","local_time":"20230820200228","is_ascension_mode":true,"campfire_choices":[{"data":"Hemokinesis","floor":7.0,"key":"SMITH"},{"data":"Bash","floor":10.0,"key":"SMITH"},{"data":"Pommel Strike","floor":15.0,"key":"SMITH"},{"floor":23.0,"key":"REST"},{"floor":29.0,"key":"REST"},{"floor":32.0,"key":"REST"},{"floor":41.0,"key":"RECALL"},{"floor":49.0,"key":"REST"},{"floor":53.0,"key":"REST"}],"neow_cost":"NONE","seed_source_timestamp":6155732777958,"circlet_count":0,"master_deck":["AscendersBane","Strike_R+1","Defend_R","Defend_R","Defend_R","Defend_R","Bash+1","Clothesline+1","Shrug It Off","Hemokinesis+1","Armaments","Pommel Strike+1","Corruption","Feel No Pain","Sentinel","Bloodletting+1","Immolate","Burning Pact","Shrug It Off","Impatience+1","Barricade+1","Body Slam","Shrug It Off","Dark Embrace","Burning Pact","Madness"],"special_seed":0,"relics":["Burning Blood","NeowsBlessing","Blood Vial","Bag of Preparation","Old Coin","Fusion Hammer","Membership Card","Whetstone","MawBank","Smiling Mask","Toolbox","Bag of Marbles","Runic Pyramid","Centennial Puzzle","Oddly Smooth Stone","MealTicket","Lizard Tail","Ornamental Fan","Anchor"],"potions_floor_usage":[],"damage_taken":[{"damage":0.0,"enemies":"Cultist","floor":1.0,"turns":1.0},{"damage":0.0,"enemies":"2 Louse","floor":3.0,"turns":1.0},{"damage":0.0,"enemies":"Gremlin Nob","floor":6.0,"turns":1.0},{"damage":11.0,"enemies":"Small Slimes","floor":8.0,"turns":5.0},{"damage":3.0,"enemies":"2 Fungi Beasts","floor":12.0,"turns":3.0},{"damage":16.0,"enemies":"Lagavulin","floor":13.0,"turns":5.0},{"damage":40.0,"enemies":"The Guardian","floor":16.0,"turns":11.0},{"damage":24.0,"enemies":"2 Thieves","floor":18.0,"turns":4.0},{"damage":9.0,"enemies":"Spheric Guardian","floor":20.0,"turns":4.0},{"damage":19.0,"enemies":"Snake Plant","floor":21.0,"turns":3.0},{"damage":25.0,"enemies":"3 Cultists","floor":22.0,"turns":5.0},{"damage":13.0,"enemies":"Centurion and Healer","floor":24.0,"turns":5.0},{"damage":33.0,"enemies":"Gremlin Leader","floor":25.0,"turns":9.0},{"damage":17.0,"enemies":"Slavers","floor":27.0,"turns":6.0},{"damage":21.0,"enemies":"Chosen and Byrds","floor":30.0,"turns":6.0},{"damage":57.0,"enemies":"Collector","floor":33.0,"turns":11.0},{"damage":3.0,"enemies":"3 Darklings","floor":35.0,"turns":4.0},{"damage":0.0,"enemies":"3 Shapes","floor":37.0,"turns":2.0},{"damage":5.0,"enemies":"Spire Growth","floor":38.0,"turns":4.0},{"damage":7.0,"enemies":"Maw","floor":39.0,"turns":7.0},{"damage":5.0,"enemies":"Giant Head","floor":40.0,"turns":5.0},{"damage":5.0,"enemies":"Reptomancer","floor":42.0,"turns":3.0},{"damage":3.0,"enemies":"4 Shapes","floor":45.0,"turns":3.0},{"damage":10.0,"enemies":"Transient","floor":46.0,"turns":5.0},{"damage":6.0,"enemies":"Giant Head","floor":47.0,"turns":4.0},{"damage":15.0,"enemies":"Jaw Worm Horde","floor":48.0,"turns":4.0},{"damage":18.0,"enemies":"Time Eater","floor":50.0,"turns":7.0},{"damage":18.0,"enemies":"Donu and Deca","floor":51.0,"turns":4.0},{"damage":14,"enemies":"Shield and Spear","floor":55,"turns":3},{"damage":138,"enemies":"The Heart","floor":56,"turns":6}],"seed_played":"-1203632663035779520","potions_obtained":[{"floor":6.0,"key":"Weak Potion"},{"floor":8.0,"key":"LiquidBronze"},{"floor":13.0,"key":"BloodPotion"},{"floor":16.0,"key":"SkillPotion"},{"floor":20.0,"key":"LiquidBronze"},{"floor":22.0,"key":"Block Potion"},{"floor":24.0,"key":"Explosive Potion"},{"floor":27.0,"key":"DistilledChaos"},{"floor":33.0,"key":"BlessingOfTheForge"},{"floor":35.0,"key":"SkillPotion"},{"floor":38.0,"key":"ColorlessPotion"},{"floor":39.0,"key":"SkillPotion"},{"floor":45.0,"key":"EssenceOfSteel"},{"floor":47.0,"key":"Weak Potion"}],"is_trial":false,"path_per_floor":["M","?","M","?","?","E","R","M","T","R","$","M","E","?","R","B",null,"M","$","M","M","M","R","M","E","T","E","$","R","M","$","R","B",null,"M","?","M","M","M","E","R","E","T","?","M","M","E","M","R","B","B",null,"R","$","E","B"],"character_chosen":"IRONCLAD","basemod:card_modifiers":[null,null,null,null,null,null,null,null,null,null,null,null,null,null,null,null,null,null,null,null,null,null,null,null,null,null],"items_purchased":["Bag of Preparation","Membership Card","Feel No Pain","Sentinel","FearPotion","Toolbox","Dark Shackles","Bag of Marbles","Shrug It Off","Impatience","Madness","Ornamental Fan"],"campfire_rested":5,"item_purchase_floors":[11,19,19,19,19,28,28,28,31,31,54,54],"current_hp_per_floor":[74,63,69,74,74,80,80,75,75,75,75,80,70,62,62,30,68,52,68,67,56,39,63,58,33,33,24,24,48,35,35,59,10,63,68,68,76,79,79,80,80,80,80,80,80,76,78,71,80,68,58,75,80,80,72,0],"gold":64,"neow_bonus":"THREE_ENEMY_KILL","is_prod":false,"is_daily":false,"chose_seed":false,"campfire_upgraded":3,"win_rate":0,"timestamp":1692576148,"path_taken":["M","?","M","?","?","E","R","M","T","R","$","M","E","?","R","BOSS","M","$","M","?","M","R","M","E","T","E","$","R","M","$","R","BOSS","M","?","M","M","M","E","R","E","T","?","?","?","E","M","R","BOSS","BOSS","R","$","E","BOSS"],"build_version":"2022-12-01","purchased_purges":3,"victory":false,"max_hp_per_floor":[75,75,75,80,80,80,80,80,80,80,80,80,80,80,80,80,80,80,80,80,80,80,80,80,80,80,80,80,80,80,80,80,80,80,80,80,80,80,80,80,80,80,80,80,80,80,80,80,80,80,80,80,80,80,80,80],"card_choices":[{"not_picked":["Wild Strike","Iron Wave"],"picked":"Clothesline","floor":1.0},{"not_picked":["Warcry","Thunderclap"],"picked":"Shrug It Off","floor":3.0},{"not_picked":["Infernal Blade","Seeing Red"],"picked":"Hemokinesis","floor":6.0},{"not_picked":["Inflame","Perfected Strike"],"picked":"Armaments","floor":8.0},{"not_picked":["Feel No Pain","Clothesline","Armaments"],"picked":"SKIP","floor":12.0},{"not_picked":["Reckless Charge","Fire Breathing"],"picked":"Pommel Strike","floor":13.0},{"not_picked":["Fiend Fire","Feed"],"picked":"Corruption","floor":16.0},{"not_picked":["Heavy Blade","Warcry","Anger"],"picked":"SKIP","floor":18.0},{"not_picked":["Pummel","Clothesline","Havoc"],"picked":"SKIP","floor":20.0},{"not_picked":["Searing Blow","Blood for Blood"],"picked":"Bloodletting+1","floor":21.0},{"not_picked":["Sentinel","Warcry","Sword Boomerang"],"picked":"SKIP","floor":22.0},{"not_picked":["Rage","Rupture","Iron Wave"],"picked":"SKIP","floor":24.0},{"not_picked":["Clash","Burning Pact"],"picked":"Immolate","floor":25.0},{"not_picked":["Armaments","Havoc"],"picked":"Burning Pact","floor":27.0},{"not_picked":["Wild Strike","Combust","Flex"],"picked":"SKIP","floor":30.0},{"not_picked":["Immolate","Juggernaut"],"picked":"Barricade","floor":33.0},{"not_picked":["Cleave+1","Second Wind"],"picked":"Body Slam","floor":35.0},{"not_picked":["Flame Barrier","Demon Form"],"picked":"Shrug It Off","floor":37.0},{"not_picked":["Wild Strike","Flex","Iron Wave"],"picked":"SKIP","floor":38.0},{"not_picked":["Perfected Strike","Sword Boomerang+1","Shrug It Off"],"picked":"SKIP","floor":39.0},{"not_picked":["Infernal Blade","Iron Wave"],"picked":"Dark Embrace","floor":40.0},{"not_picked":["Uppercut","Anger+1"],"picked":"Burning Pact","floor":42.0},{"not_picked":["Clothesline","Body Slam","Iron Wave+1"],"picked":"SKIP","floor":45.0},{"not_picked":["Rampage","Anger","Fiend Fire"],"picked":"SKIP","floor":46.0},{"not_picked":["Warcry+1","Flex+1","Demon Form"],"picked":"SKIP","floor":47.0},{"not_picked":["Pommel Strike","Flex+1","Twin Strike"],"picked":"SKIP","floor":48.0},{"not_picked":["Havoc+1","Cleave","Corruption"],"picked":"SKIP","floor":55}],"player_experience":38494,"relics_obtained":[{"floor":6.0,"key":"Blood Vial"},{"floor":13.0,"key":"Old Coin"},{"floor":25.0,"key":"Whetstone"},{"floor":26.0,"key":"MawBank"},{"floor":27.0,"key":"Smiling Mask"},{"floor":40.0,"key":"Centennial Puzzle"},{"floor":42.0,"key":"Oddly Smooth Stone"},{"floor":43.0,"key":"MealTicket"},{"floor":47.0,"key":"Lizard Tail"},{"floor":55,"key":"Anchor"}],"event_choices":[{"damage_healed":0.0,"max_hp_gain":0.0,"max_hp_loss":0.0,"gold_gain":75.0,"event_name":"World of Goop","player_choice":"Gather Gold","floor":2.0,"gold_loss":0.0,"damage_taken":11.0},{"damage_healed":0.0,"max_hp_gain":5.0,"max_hp_loss":0.0,"gold_gain":0.0,"event_name":"Big Fish","player_choice":"Donut","floor":4.0,"gold_loss":0.0,"damage_taken":0.0},{"cards_removed":["Strike_R"],"damage_healed":0.0,"max_hp_gain":0.0,"max_hp_loss":0.0,"gold_gain":0.0,"event_name":"The Cleric","player_choice":"Card Removal","floor":5.0,"gold_loss":75.0,"damage_taken":0.0},{"damage_healed":0.0,"max_hp_gain":0.0,"max_hp_loss":0.0,"gold_gain":50.0,"event_name":"FaceTrader","player_choice":"Touch","floor":14.0,"gold_loss":0.0,"damage_taken":8.0},{"cards_removed":["Dark Shackles"],"damage_healed":0.0,"max_hp_gain":0.0,"max_hp_loss":0.0,"gold_gain":0.0,"event_name":"Falling","player_choice":"Removed Skill","floor":36.0,"gold_loss":0.0,"damage_taken":0.0},{"damage_healed":0.0,"max_hp_gain":0.0,"max_hp_loss":0.0,"gold_gain":0.0,"event_name":"Designer","player_choice":"Upgraded Two","floor":44.0,"gold_loss":50.0,"damage_taken":0.0,"cards_upgraded":["Barricade","Impatience"]}],"is_beta":false,"boss_relics":[{"not_picked":["Calling Bell","Black Blood"],"picked":"Fusion Hammer"},{"not_picked":["Astrolabe","Philosopher\u0027s Stone"],"picked":"Runic Pyramid"}],"items_purged_floors":[19,28,31],"is_endless":false,"potions_floor_spawned":[6,8,13,16,20,22,24,27,33,35,38,39,45,47],"killed_by":"The Heart","ascension_level":20}