{"gold_per_floor":[114,124,124,143,143,143,163,192,204,242,254,282,294,317,329,418,430,459,489,391,140,155,155,188,188,188,205,234,234,307,318,318,318],"floor_reached":33,"playtime":3076,"items_purged":["Strike_R"],"score":594,"play_id":"f4eb24f0-5f06-4538-addd-fcde97b21aad","local_time":"20230819004213","is_ascension_mode":true,"campfire_choices":[{"data":"Twin Strike","floor":6,"key":"SMITH"},{"floor":11,"key":"REST"},{"data":"Bash","floor":13,"key":"SMITH"},{"data":"Shrug It Off","floor":15,"key":"SMITH"},{"data":"Burning Pact","floor":23,"key":"SMITH"},{"floor":25,"key":"REST"},{"floor":29,"key":"REST"},{"data":"Heavy Blade","floor":32,"key":"SMITH"}],"neow_cost":"NONE","seed_source_timestamp":0,"circlet_count":0,"master_deck":["AscendersBane","Strike_R","Strike_R","Strike_R+1","Defend_R","Defend_R","Defend_R","Defend_R","Bash+1","Finesse","Twin Strike+1","Heavy Blade+1","Whirlwind+1","Second Wind","Shrug It Off+1","Reaper","Burning Pact+1","Apotheosis","Dark Embrace"],"special_seed":0,"relics":["Burning Blood","MawBank","Pen Nib","Pear","Snecko Eye","Centennial Puzzle","Bag of Marbles","WingedGreaves"],"potions_floor_usage":[8,12,16,16,24,24,27],"damage_taken":[{"damage":11,"enemies":"Small Slimes","floor":1,"turns":5},{"damage":7,"enemies":"Jaw Worm","floor":2,"turns":5},{"damage":1,"enemies":"Cultist","floor":4,"turns":3},{"damage":14,"enemies":"Lots of Slimes","floor":7,"turns":3},{"damage":23,"enemies":"3 Sentries","floor":8,"turns":5},{"damage":40,"enemies":"Lagavulin","floor":10,"turns":7},{"damage":11,"enemies":"Exordium Thugs","floor":12,"turns":3},{"damage":6,"enemies":"Large Slime","floor":14,"turns":5},{"damage":9,"enemies":"Slime Boss","floor":16,"turns":10},{"damage":21,"enemies":"3 Byrds","floor":18,"turns":5},{"damage":16,"enemies":"Shell Parasite","floor":19,"turns":3},{"damage":26,"enemies":"Chosen and Byrds","floor":22,"turns":7},{"damage":47,"enemies":"Book of Stabbing","floor":24,"turns":5},{"damage":23,"enemies":"Centurion and Healer","floor":27,"turns":6},{"damage":16,"enemies":"Gremlin Leader","floor":28,"turns":5},{"damage":23,"enemies":"Shelled Parasite and Fungi","floor":31,"turns":3},{"damage":100,"enemies":"Automaton","floor":33,"turns":10}],"seed_played":"-141195131773231384","potions_obtained":[{"floor":4,"key":"ColorlessPotion"},{"floor":7,"key":"ElixirPotion"},{"floor":10,"key":"Block Potion"},{"floor":14,"key":"SpeedPotion"},{"floor":19,"key":"Regen Potion"},{"floor":22,"key":"Block Potion"},{"floor":24,"key":"Ancient Potion"}],"is_trial":false,"path_per_floor":["M","M","?","M","?","R","M","E","T","E","R","M","R","M","R","B",null,"M","M","?","$","M","R","E","R","T","M","E","R","T","M","R","B"],"character_chosen":"IRONCLAD","basemod:card_modifiers":[null,null,null,null,null,null,null,null,null,null,null,null,null,null,null,null,null,null,null],"items_purchased":["Apotheosis"],"campfire_rested":3,"item_purchase_floors":[21],"current_hp_per_floor":[63,62,62,67,67,67,59,42,42,18,43,38,38,38,38,35,73,70,66,66,66,46,46,26,51,51,44,44,69,69,66,66,0],"gold":318,"neow_bonus":"RANDOM_COLORLESS","is_prod":false,"is_daily":false,"chose_seed":false,"campfire_upgraded":5,"win_rate":0,"timestamp":1692420133,"path_taken":["M","M","?","M","?","R","M","E","T","E","R","M","R","?","R","BOSS","M","?","?","$","M","R","E","R","T","?","E","R","?","M","R","BOSS"],"build_version":"2022-12-01","purchased_purges":1,"victory":false,"max_hp_per_floor":[75,75,75,75,75,75,75,75,75,85,85,85,85,85,85,85,85,85,85,85,85,85,85,85,85,85,85,85,85,85,85,85,85],"card_choices":[{"not_picked":["Madness","Trip"],"picked":"Finesse","floor":0.0},{"not_picked":["Spot Weakness","Shockwave"],"picked":"Twin Strike","floor":1},{"not_picked":["Armaments","Pommel Strike"],"picked":"Heavy Blade","floor":2},{"not_picked":["Thunderclap","Sword Boomerang"],"picked":"Whirlwind","floor":4},{"not_picked":["Havoc","Twin Strike","Iron Wave"],"picked":"SKIP","floor":7},{"not_picked":["Clash","Headbutt","Dual Wield"],"picked":"SKIP","floor":8},{"not_picked":["Berserk","Perfected Strike"],"picked":"Second Wind","floor":10},{"not_picked":["Carnage","Intimidate"],"picked":"Shrug It Off","floor":12},{"not_picked":["Searing Blow","Headbutt","Clothesline"],"picked":"SKIP","floor":14},{"not_picked":["Demon Form","Immolate"],"picked":"Reaper","floor":16},{"not_picked":["Warcry","Rupture+1"],"picked":"Burning Pact","floor":18},{"not_picked":["Heavy Blade","Warcry","Iron Wave"],"picked":"SKIP","floor":19},{"not_picked":["Pommel Strike","Sword Boomerang","Ghostly Armor"],"picked":"SKIP","floor":22},{"not_picked":["Headbutt","Clash","Reckless Charge"],"picked":"SKIP","floor":24},{"not_picked":["Infernal Blade","Heavy Blade+1","Evolve"],"picked":"SKIP","floor":27},{"not_picked":["Bloodletting","Armaments+1"],"picked":"Dark Embrace","floor":28},{"not_picked":["Pummel","Carnage","Power Through"],"picked":"SKIP","floor":31}],"player_experience":12710,"relics_obtained":[{"floor":8,"key":"MawBank"},{"floor":9,"key":"Pen Nib"},{"floor":10,"key":"Pear"},{"floor":24,"key":"Centennial Puzzle"},{"floor":26,"key":"Bag of Marbles"},{"floor":28,"key":"WingedGreaves"}],"event_choices":[{"damage_healed":0,"gold_gain":0,"player_choice":"Ignored","damage_taken":0,"max_hp_gain":0,"max_hp_loss":0,"event_name":"Liars Game","floor":3,"gold_loss":0},{"damage_healed":0,"gold_gain":0,"player_choice":"Forge","damage_taken":0,"max_hp_gain":0,"max_hp_loss":0,"event_name":"Accursed Blacksmith","floor":5,"gold_loss":0,"cards_upgraded":["Whirlwind"]},{"cards_removed":["Strike_R"],"damage_healed":0,"gold_gain":0,"player_choice":"Upgrade and Remove","damage_taken":0,"max_hp_gain":0,"max_hp_loss":0,"event_name":"Designer","floor":20,"gold_loss":110,"cards_upgraded":["Strike_R"]}],"is_beta":false,"boss_relics":[{"not_picked":["Sozu","Ectoplasm"],"picked":"Snecko Eye"}],"items_purged_floors":[21],"is_endless":false,"potions_floor_spawned":[4,7,10,14,19,22,24],"killed_by":"Automaton","ascension_level":20}