{"gold_per_floor":[218,235,252,262,101,127,127,160,160,160,60,70,95,113,113,113],"floor_reached":16,"playtime":1025,"items_purged":["Strike_R","Strike_R"],"score":294,"play_id":"6458f3f5-a3c5-40c1-9951-969ed7c4d421","local_time":"20230818011032","is_ascension_mode":true,"campfire_choices":[{"floor":7,"key":"REST"},{"data":"Pommel Strike","floor":10,"key":"SMITH"},{"data":"Inflame","floor":15,"key":"SMITH"}],"neow_cost":"NONE","seed_source_timestamp":106827424107875,"circlet_count":0,"master_deck":["AscendersBane","Strike_R+1","Strike_R","Strike_R","Defend_R","Defend_R","Defend_R","Defend_R","Bash","Inflame+1","Anger","Pommel Strike+1","Cleave+1","Shockwave","Flame Barrier"],"relics":["Burning Blood","Whetstone","Lantern","Bottled Flame"],"potions_floor_usage":[4,8,13,16,16],"damage_taken":[{"damage":2,"enemies":"Cultist","floor":1,"turns":4},{"damage":6,"enemies":"2 Louse","floor":2,"turns":4},{"damage":12,"enemies":"Jaw Worm","floor":3,"turns":3},{"damage":15,"enemies":"Exordium Thugs","floor":4,"turns":5},{"damage":40,"enemies":"Lagavulin","floor":6,"turns":6},{"damage":16,"enemies":"3 Sentries","floor":8,"turns":6},{"damage":4,"enemies":"Looter","floor":12,"turns":3},{"damage":0,"enemies":"Gremlin Nob","floor":13,"turns":3},{"damage":2,"enemies":"2 Fungi Beasts","floor":14,"turns":3},{"damage":48,"enemies":"Slime Boss","floor":16,"turns":7}],"seed_played":"4841144330890803388","potions_obtained":[{"floor":3,"key":"SkillPotion"},{"floor":6,"key":"EssenceOfSteel"},{"floor":12,"key":"FearPotion"},{"floor":14,"key":"Explosive Potion"}],"is_trial":false,"path_per_floor":["M","M","M","M","$","E","R","E","T","R","$","M","E","M","R","B"],"character_chosen":"IRONCLAD","basemod:card_modifiers":[null,null,null,null,null,null,null,null,null,null,null,null,null,null,null],"items_purchased":["GamblersBrew"],"campfire_rested":1,"item_purchase_floors":[5],"current_hp_per_floor":[72,72,66,57,57,23,45,35,35,35,35,37,43,47,47,0],"gold":113,"neow_bonus":"HUNDRED_GOLD","is_prod":false,"is_daily":false,"chose_seed":false,"campfire_upgraded":2,"win_rate":0,"timestamp":1692335432,"path_taken":["M","M","M","M","$","E","R","E","T","R","$","M","E","M","R","BOSS"],"build_version":"2022-12-01","purchased_purges":2,"victory":false,"max_hp_per_floor":[75,75,75,75,75,75,75,75,75,75,75,75,75,75,75,75],"card_choices":[{"not_picked":["Iron Wave","Heavy Blade"],"picked":"Inflame","floor":1},{"not_picked":["Sword Boomerang","Warcry"],"picked":"Anger","floor":2},{"not_picked":["Second Wind","Seeing Red"],"picked":"Pommel Strike","floor":3},{"not_picked":["Havoc","Anger"],"picked":"Cleave","floor":4},{"not_picked":["Searing Blow","Immolate"],"picked":"Shockwave","floor":6},{"not_picked":["Perfected Strike","Body Slam"],"picked":"Flame Barrier","floor":8},{"not_picked":["Reckless Charge","Rage","Iron Wave"],"picked":"SKIP","floor":12},{"not_picked":["Armaments","Feel No Pain","Shockwave"],"picked":"SKIP","floor":13},{"not_picked":["Sword Boomerang","Blood for Blood","Heavy Blade"],"picked":"SKIP","floor":14}],"player_experience":65133,"relics_obtained":[{"floor":6,"key":"Whetstone"},{"floor":8,"key":"Lantern"},{"floor":13,"key":"Bottled Flame"}],"event_choices":[],"is_beta":false,"boss_relics":[],"items_purged_floors":[5,11],"is_endless":false,"potions_floor_spawned":[3,6,12,14],"killed_by":"Slime Boss","ascension_level":20}