{"gold_per_floor":[113,128,140,65,77,77,91,91],"floor_reached":8,"playtime":467,"items_purged":[],"score":100,"play_id":"a0982236-457f-44a5-ad51-693e2ccf9068","local_time":"20230820160944","is_ascension_mode":true,"campfire_choices":[{"data":"Hemokinesis","floor":6.0,"key":"SMITH"}],"neow_cost":"NONE","seed_source_timestamp":2385346478791,"circlet_count":0,"master_deck":["AscendersBane","Strike_R","Strike_R","Strike_R","Strike_R","Defend_R","Defend_R","Defend_R","Defend_R","Bash","Shockwave","Hemokinesis+1","Pommel Strike","Infernal Blade"],"special_seed":0,"relics":["Burning Blood","Vajra"],"potions_floor_usage":[8],"damage_taken":[{"damage":17.0,"enemies":"Cultist","floor":1.0,"turns":4.0},{"damage":10.0,"enemies":"Small Slimes","floor":2.0,"turns":5.0},{"damage":4.0,"enemies":"2 Louse","floor":3.0,"turns":2.0},{"damage":32.0,"enemies":"Large Slime","floor":5.0,"turns":6.0},{"damage":16.0,"enemies":"3 Louse","floor":7.0,"turns":3.0},{"damage":14,"enemies":"Lagavulin","floor":8,"turns":5}],"seed_played":"-7263208876834848029","potions_obtained":[{"floor":2.0,"key":"GamblersBrew"},{"floor":3.0,"key":"PowerPotion"}],"is_trial":false,"path_per_floor":["M","M","M","?","M","R","M","E"],"character_chosen":"IRONCLAD","basemod:card_modifiers":[null,null,null,null,null,null,null,null,null,null,null,null,null,null],"items_purchased":[],"campfire_rested":0,"item_purchase_floors":[],"current_hp_per_floor":[57,53,55,55,29,29,19,5],"gold":91,"neow_bonus":"RANDOM_COMMON_RELIC","is_prod":false,"is_daily":false,"chose_seed":false,"campfire_upgraded":1,"win_rate":0,"timestamp":1692562184,"path_taken":["M","?","M","?","M","R","M","E"],"build_version":"2022-12-01","purchased_purges":0,"victory":false,"max_hp_per_floor":[75,75,75,75,75,75,75,75],"card_choices":[{"not_picked":["Cleave","Armaments"],"picked":"Shockwave","floor":1.0},{"not_picked":["Cleave","Headbutt"],"picked":"Hemokinesis","floor":2.0},{"not_picked":["Sword Boomerang","Anger"],"picked":"Pommel Strike","floor":3.0},{"not_picked":["Warcry","Iron Wave"],"picked":"Infernal Blade","floor":5.0},{"not_picked":["Pommel Strike","Headbutt","Armaments"],"picked":"SKIP","floor":7.0}],"player_experience":36838,"relics_obtained":[],"event_choices":[{"cards_removed":["Strike_R"],"damage_healed":0.0,"max_hp_gain":0.0,"max_hp_loss":0.0,"gold_gain":0.0,"event_name":"The Cleric","player_choice":"Card Removal","floor":4.0,"gold_loss":75.0,"damage_taken":0.0}],"is_beta":false,"boss_relics":[],"items_purged_floors":[],"is_endless":false,"potions_floor_spawned":[2,3],"killed_by":"Lagavulin","ascension_level":20}