{"gold_per_floor":[213,18,18,38,56,81,81,123,149,149,173,173,173,214,214,318,318,341,360,60,60,75,75,75,106,106,131,165,181,194,194],"floor_reached":31,"playtime":1962,"items_purged":["Strike_R"],"score":554,"play_id":"f10b28e6-7cce-4dd0-8f73-603177b88755","local_time":"20230819200751","is_ascension_mode":true,"campfire_choices":[{"data":"Metamorphosis","floor":7.0,"key":"SMITH"},{"data":"Seeing Red","floor":10.0,"key":"SMITH"},{"data":"Shrug It Off","floor":12.0,"key":"SMITH"},{"floor":15.0,"key":"REST"},{"floor":23,"key":"REST"}],"neow_cost":"NONE","seed_source_timestamp":0,"circlet_count":0,"master_deck":["AscendersBane","Strike_R","Strike_R","Strike_R","Strike_R","Defend_R","Defend_R","Defend_R","Defend_R","Bash","Seeing Red+1","Metamorphosis+1","Fire Breathing","Shockwave","Flame Barrier","Shrug It Off+1","Offering","Shrug It Off","Master of Strategy","Clothesline+1","Impervious"],"special_seed":0,"relics":["Burning Blood","CeramicFish","Blood Vial","Anchor","Golden Idol","Orichalcum","Black Star","Bag of Preparation","Toy Ornithopter","Mummified Hand"],"potions_floor_usage":[25,28,31],"damage_taken":[{"damage":6.0,"enemies":"Cultist","floor":1.0,"turns":3.0},{"damage":3.0,"enemies":"2 Louse","floor":4.0,"turns":2.0},{"damage":7.0,"enemies":"Jaw Worm","floor":5.0,"turns":3.0},{"damage":27.0,"enemies":"3 Sentries","floor":6.0,"turns":5.0},{"damage":32.0,"enemies":"Gremlin Nob","floor":8.0,"turns":4.0},{"damage":2.0,"enemies":"Exordium Thugs","floor":11.0,"turns":4.0},{"damage":15.0,"enemies":"Lagavulin","floor":14.0,"turns":5.0},{"damage":28.0,"enemies":"Slime Boss","floor":16.0,"turns":12.0},{"damage":17.0,"enemies":"2 Thieves","floor":18.0,"turns":4.0},{"damage":22.0,"enemies":"Spheric Guardian","floor":19.0,"turns":4.0},{"damage":25.0,"enemies":"Snake Plant","floor":22.0,"turns":5.0},{"damage":25,"enemies":"Book of Stabbing","floor":25,"turns":5},{"damage":12,"enemies":"Centurion and Healer","floor":27,"turns":8},{"damage":0,"enemies":"Chosen and Byrds","floor":28,"turns":5},{"damage":14,"enemies":"Snake Plant","floor":29,"turns":4},{"damage":14,"enemies":"Centurion and Healer","floor":30,"turns":5},{"damage":25,"enemies":"Sentry and Sphere","floor":31,"turns":6}],"seed_played":"2619259327046401703","potions_obtained":[{"floor":6.0,"key":"ElixirPotion"},{"floor":14.0,"key":"DuplicationPotion"},{"floor":18.0,"key":"Dexterity Potion"},{"floor":19.0,"key":"SteroidPotion"},{"floor":27,"key":"LiquidBronze"}],"is_trial":false,"path_per_floor":["M","$","?","M","M","E","R","E","T","R","M","R","?","E","R","B",null,"M","M","$","?","M","R","$","E","T","M","M","M","M","M"],"character_chosen":"IRONCLAD","basemod:card_modifiers":[null,null,null,null,null,null,null,null,null,null,null,null,null,null,null,null,null,null,null,null,null],"items_purchased":["Metamorphosis","Shrug It Off","Master of Strategy"],"campfire_rested":2,"item_purchase_floors":[2,20,20],"current_hp_per_floor":[68,68,68,71,70,49,49,23,23,23,29,29,29,22,42,22,57,48,34,34,34,17,37,37,20,20,16,29,23,17,0],"gold":194,"neow_bonus":"HUNDRED_GOLD","is_prod":false,"is_daily":false,"chose_seed":false,"campfire_upgraded":3,"win_rate":0,"timestamp":1692490071,"path_taken":["M","$","?","M","M","E","R","E","T","R","M","R","?","E","R","BOSS","M","M","$","?","M","R","?","E","T","M","M","?","M","M"],"build_version":"2022-12-01","purchased_purges":1,"victory":false,"max_hp_per_floor":[75,75,75,75,75,75,75,75,75,75,75,75,68,68,68,68,68,68,68,68,68,68,68,68,68,68,68,68,68,68,68],"card_choices":[{"not_picked":["Havoc","Armaments"],"picked":"Seeing Red","floor":1.0},{"not_picked":["Infernal Blade","Body Slam"],"picked":"Fire Breathing","floor":4.0},{"not_picked":["Pummel","Iron Wave"],"picked":"Shockwave","floor":5.0},{"not_picked":["Rage","Bludgeon","Armaments"],"picked":"SKIP","floor":6.0},{"not_picked":["Sword Boomerang","Cleave"],"picked":"Flame Barrier","floor":8.0},{"not_picked":["Rage","Rampage"],"picked":"Shrug It Off","floor":11.0},{"not_picked":["Pummel","Inflame","Havoc"],"picked":"SKIP","floor":14.0},{"not_picked":["Reaper","Barricade"],"picked":"Offering","floor":16.0},{"not_picked":["Anger","Entrench","Body Slam+1"],"picked":"SKIP","floor":18.0},{"not_picked":["Heavy Blade","Flex","Second Wind"],"picked":"SKIP","floor":19.0},{"not_picked":["Clash","Heavy Blade+1","Sword Boomerang"],"picked":"SKIP","floor":25},{"not_picked":["Evolve+1","Iron Wave"],"picked":"Clothesline+1","floor":27},{"not_picked":["Pommel Strike","Wild Strike"],"picked":"Impervious","floor":28},{"not_picked":["Anger","Clash","Warcry"],"picked":"SKIP","floor":29},{"not_picked":["Sentinel","Rampage+1","Flame Barrier+1"],"picked":"SKIP","floor":30}],"player_experience":17848,"relics_obtained":[{"floor":6.0,"key":"CeramicFish"},{"floor":8.0,"key":"Blood Vial"},{"floor":9.0,"key":"Anchor"},{"floor":14.0,"key":"Orichalcum"},{"floor":25,"key":"Bag of Preparation"},{"floor":25,"key":"Toy Ornithopter"},{"floor":26,"key":"Mummified Hand"}],"event_choices":[{"damage_healed":0.0,"max_hp_gain":0.0,"max_hp_loss":0.0,"gold_gain":0.0,"event_name":"Shining Light","player_choice":"Ignored","floor":3.0,"gold_loss":0.0,"damage_taken":0.0},{"damage_healed":0.0,"max_hp_gain":0.0,"max_hp_loss":7.0,"gold_gain":0.0,"event_name":"Golden Idol","player_choice":"Lose Max HP","floor":13.0,"gold_loss":0.0,"damage_taken":0.0,"relics_obtained":["Golden Idol"]},{"damage_healed":0.0,"max_hp_gain":0.0,"max_hp_loss":0.0,"gold_gain":0.0,"event_name":"Match and Keep!","player_choice":"0 cards matched","floor":21.0,"gold_loss":0.0,"damage_taken":0.0,"cards_obtained":[]}],"is_beta":false,"boss_relics":[{"not_picked":["Velvet Choker","Cursed Key"],"picked":"Black Star"}],"items_purged_floors":[20],"is_endless":false,"potions_floor_spawned":[6,14,18,19,27],"killed_by":"Sentry and Sphere","ascension_level":20}