{"gold_per_floor":[117,132,150,160,160,160,191,191,191,216,233,244,244,244,244,244],"floor_reached":16,"playtime":948,"items_purged":[],"score":224,"play_id":"b6616b60-f64a-4ad2-8f7e-eaf9cdba23c1","local_time":"20230822100044","is_ascension_mode":true,"campfire_choices":[{"data":"Perfected Strike","floor":6,"key":"SMITH"},{"data":"Sever Soul","floor":8,"key":"SMITH"},{"data":"Clash","floor":13,"key":"SMITH"},{"data":"Seeing Red","floor":15,"key":"SMITH"}],"neow_cost":"NONE","seed_source_timestamp":2950319140875,"circlet_count":0,"master_deck":["AscendersBane","Strike_R","Strike_R","Strike_R","Strike_R","Strike_R","Defend_R+1","Defend_R","Defend_R+1","Bash","Seeing Red+1","Shrug It Off","Perfected Strike+1","Sever Soul+1","Clash+1","Shrug It Off"],"relics":["Burning Blood","Boot","War Paint","Pantograph","Champion Belt"],"potions_floor_usage":[10,16],"damage_taken":[{"damage":10,"enemies":"Small Slimes","floor":1,"turns":4},{"damage":6,"enemies":"Cultist","floor":2,"turns":4},{"damage":4,"enemies":"2 Louse","floor":3,"turns":4},{"damage":11,"enemies":"Blue Slaver","floor":4,"turns":5},{"damage":34,"enemies":"3 Sentries","floor":7,"turns":11},{"damage":8,"enemies":"Gremlin Nob","floor":10,"turns":3},{"damage":1,"enemies":"2 Fungi Beasts","floor":11,"turns":2},{"damage":18,"enemies":"Gremlin Gang","floor":12,"turns":4},{"damage":50,"enemies":"Hexaghost","floor":16,"turns":9}],"seed_played":"26644544182174766","potions_obtained":[{"floor":1,"key":"FearPotion"},{"floor":3,"key":"SmokeBomb"},{"floor":11,"key":"Swift Potion"}],"is_trial":false,"path_per_floor":["M","M","M","M","?","R","E","R","T","E","M","M","R","?","R","B"],"character_chosen":"IRONCLAD","basemod:card_modifiers":[null,null,null,null,null,null,null,null,null,null,null,null,null,null,null,null],"items_purchased":[],"campfire_rested":0,"item_purchase_floors":[],"current_hp_per_floor":[64,64,66,61,61,61,33,33,33,31,36,24,24,24,24,0],"gold":244,"neow_bonus":"RANDOM_COMMON_RELIC","is_prod":false,"is_daily":false,"chose_seed":false,"campfire_upgraded":4,"win_rate":0,"timestamp":1692712844,"path_taken":["M","M","M","M","?","R","E","R","T","E","?","M","R","?","R","BOSS"],"build_version":"2022-12-01","purchased_purges":0,"victory":false,"max_hp_per_floor":[75,75,75,75,75,75,75,75,75,75,75,75,75,75,75,75],"card_choices":[{"not_picked":["Heavy Blade","True Grit"],"picked":"Seeing Red","floor":1},{"not_picked":["Clash","Sentinel","True Grit"],"picked":"SKIP","floor":2},{"not_picked":["Heavy Blade","Ghostly Armor"],"picked":"Shrug It Off","floor":3},{"not_picked":["Heavy Blade","Infernal Blade"],"picked":"Perfected Strike","floor":4},{"not_picked":["Dark Embrace","Feed"],"picked":"Sever Soul","floor":7},{"not_picked":["Bludgeon","Anger"],"picked":"Clash","floor":10},{"not_picked":["Searing Blow","Power Through"],"picked":"Shrug It Off","floor":11},{"not_picked":["Twin Strike","Sword Boomerang","Anger"],"picked":"SKIP","floor":12}],"player_experience":59609,"relics_obtained":[{"floor":7,"key":"War Paint"},{"floor":9,"key":"Pantograph"},{"floor":10,"key":"Champion Belt"}],"event_choices":[{"cards_removed":["Defend_R"],"damage_healed":0,"gold_gain":0,"player_choice":"Offered Basic","damage_taken":0,"max_hp_gain":0,"max_hp_loss":0,"event_name":"Bonfire Elementals","floor":5,"gold_loss":0},{"damage_healed":0,"gold_gain":0,"player_choice":"Ignored","damage_taken":0,"max_hp_gain":0,"max_hp_loss":0,"event_name":"Liars Game","floor":14,"gold_loss":0}],"is_beta":false,"boss_relics":[],"items_purged_floors":[],"is_endless":false,"potions_floor_spawned":[1,3,11],"killed_by":"Hexaghost","ascension_level":20}