{"gold_per_floor":[116,166,181,181,106,146,146,180,180,203,203,203,203,234,234,234],"floor_reached":16,"playtime":850,"items_purged":[],"score":232,"play_id":"918a7389-af96-4643-8023-98f51ff0b53e","local_time":"20230820134130","is_ascension_mode":true,"campfire_choices":[{"floor":7,"key":"REST"},{"data":"Flex","floor":12,"key":"SMITH"},{"floor":15,"key":"REST"}],"neow_cost":"TEN_PERCENT_HP_LOSS","seed_source_timestamp":9036035333875,"circlet_count":0,"master_deck":["AscendersBane","Strike_R","Strike_R","Strike_R","Strike_R","Strike_R","Defend_R","Defend_R","Defend_R","Bash","Brutality","Feel No Pain","Perfected Strike","Flex+1","Feed","Burning Pact","Armaments"],"special_seed":0,"relics":["Burning Blood","Golden Idol","Bottled Flame","WingedGreaves","Anchor","Ornamental Fan"],"potions_floor_usage":[14,16],"damage_taken":[{"damage":9.0,"enemies":"2 Louse","floor":1.0,"turns":4.0},{"damage":7.0,"enemies":"Cultist","floor":3.0,"turns":3.0},{"damage":32.0,"enemies":"3 Sentries","floor":6.0,"turns":11.0},{"damage":34,"enemies":"Gremlin Nob","floor":8,"turns":4},{"damage":8,"enemies":"Small Slimes","floor":10,"turns":5},{"damage":33,"enemies":"Lagavulin","floor":14,"turns":6},{"damage":69,"enemies":"The Guardian","floor":16,"turns":11}],"seed_played":"6895817883775941933","potions_obtained":[{"floor":6,"key":"SkillPotion"},{"floor":10,"key":"FearPotion"},{"floor":14,"key":"Fire Potion"}],"is_trial":false,"path_per_floor":["M","?","M","?","?","E","R","E","T","M","?","R","?","E","R","B"],"character_chosen":"IRONCLAD","basemod:card_modifiers":[null,null,null,null,null,null,null,null,null,null,null,null,null,null,null,null,null],"items_purchased":[],"campfire_rested":2,"item_purchase_floors":[],"current_hp_per_floor":[65,59,58,58,58,32,50,22,22,23,23,23,44,20,40,0],"gold":234,"neow_bonus":"THREE_RARE_CARDS","is_prod":false,"is_daily":false,"chose_seed":false,"campfire_upgraded":1,"win_rate":0,"timestamp":1692553290,"path_taken":["M","?","?","?","?","E","R","E","T","M","?","R","?","E","R","BOSS"],"build_version":"2022-12-01","purchased_purges":0,"victory":false,"max_hp_per_floor":[68,68,68,62,62,62,62,62,62,65,65,65,65,68,68,68],"card_choices":[{"not_picked":["Double Tap","Juggernaut"],"picked":"Brutality","floor":0.0},{"not_picked":["True Grit","Shockwave"],"picked":"Feel No Pain","floor":1.0},{"not_picked":["Cleave","Wild Strike"],"picked":"Perfected Strike","floor":3.0},{"not_picked":["Anger","Dual Wield"],"picked":"Flex","floor":6},{"not_picked":["Cleave","Ghostly Armor"],"picked":"Feed","floor":8},{"not_picked":["Heavy Blade","Sword Boomerang"],"picked":"Burning Pact","floor":10},{"not_picked":["Twin Strike","Rage"],"picked":"Armaments","floor":14}],"player_experience":33873,"relics_obtained":[{"floor":6,"key":"Bottled Flame"},{"floor":8,"key":"WingedGreaves"},{"floor":9,"key":"Anchor"},{"floor":14,"key":"Ornamental Fan"}],"event_choices":[{"damage_healed":0.0,"max_hp_gain":0.0,"max_hp_loss":0.0,"gold_gain":50.0,"event_name":"FaceTrader","player_choice":"Touch","floor":2.0,"gold_loss":0.0,"damage_taken":6.0},{"damage_healed":0.0,"max_hp_gain":0.0,"max_hp_loss":6.0,"gold_gain":0.0,"event_name":"Golden Idol","player_choice":"Lose Max HP","floor":4.0,"gold_loss":0.0,"damage_taken":0.0,"relics_obtained":["Golden Idol"]},{"cards_removed":["Defend_R"],"damage_healed":0.0,"max_hp_gain":0.0,"max_hp_loss":0.0,"gold_gain":0.0,"event_name":"The Cleric","player_choice":"Card Removal","floor":5.0,"gold_loss":75.0,"damage_taken":0.0},{"damage_healed":0,"gold_gain":0,"player_choice":"Ignored","damage_taken":0,"max_hp_gain":0,"max_hp_loss":0,"event_name":"Liars Game","floor":11,"gold_loss":0},{"damage_healed":21,"gold_gain":0,"player_choice":"Banana","damage_taken":0,"max_hp_gain":0,"max_hp_loss":0,"event_name":"Big Fish","floor":13,"gold_loss":0}],"is_beta":false,"boss_relics":[],"items_purged_floors":[],"is_endless":false,"potions_floor_spawned":[6,10,14],"killed_by":"The Guardian","ascension_level":20}