{"gold_per_floor":[118,88,13,25,25,56,56,83,161,179,204,223,255,267,267,340,340,360,377,377,427,275,275,307,307,307,337,17,36,48,48,48,124,124,142,161,161,161,161,192,217,217,217,4,16,16,49,66,66,66,66,66,66,12,46,46],"floor_reached":56,"playtime":4252,"items_purged":["Strike_R","Strike_R+1"],"score":2047,"play_id":"0fa8bb4f-720e-47b8-b997-6046cd309f6e","local_time":"20230817170438","is_ascension_mode":true,"campfire_choices":[{"data":"Perfected Strike","floor":7.0,"key":"SMITH"},{"data":"Blood for Blood","floor":15.0,"key":"SMITH"},{"data":"Cleave","floor":23.0,"key":"SMITH"},{"data":"Second Wind","floor":25.0,"key":"SMITH"},{"floor":32.0,"key":"REST"},{"floor":42.0,"key":"RECALL"},{"data":"Pommel Strike","floor":49,"key":"SMITH"},{"floor":53,"key":"DIG"}],"neow_cost":"NONE","seed_source_timestamp":85429959607500,"circlet_count":0,"master_deck":["AscendersBane","Defend_R+1","Defend_R+1","Defend_R+1","Defend_R+1","Bash","Cleave+1","Feed","Combust","Blood for Blood+1","Rupture","Offering","Uppercut+1","Shrug It Off","Second Wind+1","Decay","Reaper","Impervious+1","Anger+1","Shrug It Off+1","Battle Trance","Pommel Strike+1","Rage+1","Pain","Body Slam"],"special_seed":0,"relics":["Burning Blood","NeowsBlessing","Bronze Scales","Blood Vial","Odd Mushroom","Vajra","Runic Pyramid","Unceasing Top","Blue Candle","Potion Belt","OrangePellets","Bag of Preparation","Astrolabe","Happy Flower","Shovel","Mercury Hourglass","TheAbacus","WarpedTongs","Singing Bowl","Pantograph","Anchor"],"potions_floor_usage":[50,51,55,56,56],"damage_taken":[{"damage":0.0,"enemies":"Jaw Worm","floor":1.0,"turns":1.0},{"damage":0.0,"enemies":"Cultist","floor":4.0,"turns":1.0},{"damage":0.0,"enemies":"Gremlin Nob","floor":6.0,"turns":1.0},{"damage":30.0,"enemies":"Lagavulin","floor":8.0,"turns":7.0},{"damage":6.0,"enemies":"Small Slimes","floor":10.0,"turns":3.0},{"damage":22.0,"enemies":"The Mushroom Lair","floor":11.0,"turns":3.0},{"damage":17.0,"enemies":"Gremlin Gang","floor":12.0,"turns":3.0},{"damage":13.0,"enemies":"Gremlin Nob","floor":13.0,"turns":3.0},{"damage":7.0,"enemies":"Looter","floor":14.0,"turns":3.0},{"damage":13.0,"enemies":"Slime Boss","floor":16.0,"turns":6.0},{"damage":28.0,"enemies":"Shell Parasite","floor":18.0,"turns":3.0},{"damage":19.0,"enemies":"Chosen","floor":19.0,"turns":4.0},{"damage":27.0,"enemies":"Gremlin Leader","floor":24.0,"turns":3.0},{"damage":29.0,"enemies":"Slavers","floor":27.0,"turns":5.0},{"damage":15.0,"enemies":"3 Cultists","floor":29.0,"turns":5.0},{"damage":11.0,"enemies":"Snecko","floor":30.0,"turns":6.0},{"damage":42.0,"enemies":"Champ","floor":33.0,"turns":10.0},{"damage":8.0,"enemies":"Orb Walker","floor":35.0,"turns":3.0},{"damage":28.0,"enemies":"3 Darklings","floor":36.0,"turns":6.0},{"damage":35.0,"enemies":"Nemesis","floor":40.0,"turns":7.0},{"damage":12.0,"enemies":"Mind Bloom Boss Battle","floor":41.0,"turns":8.0},{"damage":14.0,"enemies":"Transient","floor":45.0,"turns":6.0},{"damage":57,"enemies":"Giant Head","floor":47,"turns":8},{"damage":17,"enemies":"Spire Growth","floor":48,"turns":5},{"damage":46,"enemies":"Time Eater","floor":50,"turns":8},{"damage":24,"enemies":"Donu and Deca","floor":51,"turns":6},{"damage":82,"enemies":"Shield and Spear","floor":55,"turns":8},{"damage":111,"enemies":"The Heart","floor":56,"turns":6}],"seed_played":"-3279919602995922068","potions_obtained":[{"floor":2.0,"key":"DuplicationPotion"},{"floor":2.0,"key":"SpeedPotion"},{"floor":11.0,"key":"SkillPotion"},{"floor":13.0,"key":"DuplicationPotion"},{"floor":16.0,"key":"SneckoOil"},{"floor":19.0,"key":"Dexterity Potion"},{"floor":27.0,"key":"AttackPotion"},{"floor":35.0,"key":"EssenceOfSteel"},{"floor":40.0,"key":"BloodPotion"},{"floor":45.0,"key":"Fire Potion"},{"floor":47,"key":"GamblersBrew"},{"floor":55,"key":"PowerPotion"}],"is_trial":false,"path_per_floor":["M","?","$","M","?","E","R","E","T","M","?","M","E","M","R","B",null,"M","M","?","?","$","R","E","R","T","E","$","M","M","?","R","B",null,"M","M","?","?","?","E","?","R","T","$","M","?","E","M","R","B","B",null,"R","$","E","B"],"character_chosen":"IRONCLAD","basemod:card_modifiers":[null,null,null,null,null,null,null,null,null,null,null,null,null,null,null,null,null,null,null,null,null,null,null,null,null],"items_purchased":["Shrug It Off","OrangePellets","Bag of Preparation","TheAbacus","Strength Potion","BloodPotion"],"campfire_rested":1,"item_purchase_floors":[22,28,28,44,44,54],"current_hp_per_floor":[74,74,74,75,75,75,75,54,54,56,45,39,34,35,35,33,74,57,49,49,49,49,49,33,33,33,15,15,11,11,11,42,11,84,87,100,100,100,100,76,85,85,85,85,79,79,46,53,53,38,77,118,118,118,84,0],"gold":46,"neow_bonus":"THREE_ENEMY_KILL","is_prod":false,"is_daily":false,"chose_seed":false,"campfire_upgraded":5,"win_rate":0,"timestamp":1692306278,"path_taken":["M","?","?","?","?","E","R","E","T","?","?","M","E","M","R","BOSS","M","M","?","?","$","R","E","R","T","E","$","M","M","?","R","BOSS","M","M","?","?","?","E","?","R","T","$","?","?","E","M","R","BOSS","BOSS","R","$","E","BOSS"],"build_version":"2022-12-01","purchased_purges":2,"victory":false,"max_hp_per_floor":[75,75,75,75,75,75,75,78,78,78,81,84,84,84,84,87,87,90,93,93,93,93,93,96,96,96,99,99,102,105,105,105,108,108,111,114,108,108,108,111,114,114,114,114,114,114,120,124,124,128,132,132,132,132,138,138],"card_choices":[{"not_picked":["Perfected Strike","Sword Boomerang"],"picked":"Cleave","floor":1.0},{"not_picked":["Armaments","Cleave"],"picked":"Perfected Strike","floor":4.0},{"not_picked":["Twin Strike","Shrug It Off"],"picked":"Feed","floor":6.0},{"not_picked":["Havoc","Sword Boomerang"],"picked":"Combust","floor":8.0},{"not_picked":["Seeing Red","Dual Wield","Heavy Blade"],"picked":"SKIP","floor":10.0},{"not_picked":["Heavy Blade","Carnage"],"picked":"Blood for Blood","floor":11.0},{"not_picked":["Cleave","Dropkick"],"picked":"Rupture","floor":12.0},{"not_picked":["Wild Strike","Body Slam","Dropkick"],"picked":"SKIP","floor":13.0},{"not_picked":["Headbutt","Clothesline","Heavy Blade"],"picked":"SKIP","floor":14.0},{"not_picked":["Double Tap","Feed"],"picked":"Offering","floor":16.0},{"not_picked":["Reckless Charge","True Grit","Warcry"],"picked":"SKIP","floor":18.0},{"not_picked":["Feel No Pain","Warcry"],"picked":"Uppercut+1","floor":19.0},{"not_picked":["Havoc","Rupture"],"picked":"Second Wind","floor":24.0},{"not_picked":["Searing Blow","Headbutt"],"picked":"Shrug It Off","floor":27.0},{"not_picked":["Rupture+1","True Grit","Thunderclap"],"picked":"SKIP","floor":29.0},{"not_picked":["Heavy Blade","Perfected Strike","Anger"],"picked":"SKIP","floor":30.0},{"not_picked":["Heavy Blade","Perfected Strike","Anger"],"picked":"SKIP","floor":30.0},{"not_picked":["Juggernaut","Double Tap"],"picked":"Reaper","floor":33.0},{"not_picked":["Ghostly Armor+1","Twin Strike"],"picked":"Battle Trance","floor":35.0},{"not_picked":["Flex","Evolve+1","Clash"],"picked":"SKIP","floor":36.0},{"not_picked":["Clothesline+1","Uppercut+1"],"picked":"Pommel Strike","floor":40.0},{"not_picked":["Entrench+1","Clash+1"],"picked":"Rage+1","floor":41.0},{"not_picked":["Wild Strike","Pommel Strike","Entrench"],"picked":"SKIP","floor":45.0},{"not_picked":["Shrug It Off","Clothesline","Armaments"],"picked":"Singing Bowl","floor":47},{"not_picked":["Dual Wield","Battle Trance"],"picked":"Body Slam","floor":48},{"not_picked":["Double Tap","Clothesline","Cleave"],"picked":"Singing Bowl","floor":55}],"player_experience":54701,"relics_obtained":[{"floor":6.0,"key":"Bronze Scales"},{"floor":8.0,"key":"Blood Vial"},{"floor":11.0,"key":"Odd Mushroom"},{"floor":13.0,"key":"Vajra"},{"floor":24.0,"key":"Unceasing Top"},{"floor":26.0,"key":"Blue Candle"},{"floor":27.0,"key":"Potion Belt"},{"floor":40.0,"key":"Happy Flower"},{"floor":41.0,"key":"Shovel"},{"floor":43.0,"key":"Mercury Hourglass"},{"floor":47,"key":"Singing Bowl"},{"floor":53,"key":"Pantograph"},{"floor":55,"key":"Anchor"}],"event_choices":[{"damage_healed":0.0,"max_hp_gain":0.0,"max_hp_loss":0.0,"gold_gain":0.0,"event_name":"The Woman in Blue","player_choice":"Bought 2 Potions","floor":2.0,"gold_loss":0.0,"damage_taken":0.0},{"cards_removed":["Strike_R"],"damage_healed":0.0,"max_hp_gain":0.0,"max_hp_loss":0.0,"gold_gain":0.0,"event_name":"Bonfire Elementals","player_choice":"Offered Basic","floor":5.0,"gold_loss":0.0,"damage_taken":0.0},{"damage_healed":0.0,"max_hp_gain":0.0,"max_hp_loss":0.0,"gold_gain":0.0,"event_name":"Mushrooms","player_choice":"Fought Mushrooms","floor":11.0,"gold_loss":0.0,"damage_taken":0.0},{"damage_healed":0.0,"max_hp_gain":0.0,"max_hp_loss":0.0,"gold_gain":0.0,"event_name":"Back to Basics","player_choice":"Simplicity","floor":20.0,"gold_loss":0.0,"damage_taken":0.0,"cards_upgraded":["Strike_R","Strike_R","Strike_R","Defend_R","Defend_R","Defend_R","Defend_R"]},{"damage_healed":0.0,"max_hp_gain":0.0,"max_hp_loss":0.0,"gold_gain":50.0,"event_name":"Nest","player_choice":"Stole From Cult","floor":21.0,"gold_loss":0.0,"damage_taken":0.0},{"damage_healed":0.0,"max_hp_gain":0.0,"max_hp_loss":0.0,"gold_gain":0.0,"event_name":"Forgotten Altar","player_choice":"Smashed Altar","floor":31.0,"gold_loss":0.0,"damage_taken":0.0,"cards_obtained":["Decay"]},{"damage_healed":0.0,"max_hp_gain":0.0,"max_hp_loss":6.0,"gold_gain":0.0,"event_name":"Winding Halls","player_choice":"Max HP","floor":37.0,"gold_loss":0.0,"damage_taken":0.0},{"cards_removed":["Shrug It Off"],"damage_healed":0.0,"max_hp_gain":0.0,"max_hp_loss":0.0,"gold_gain":0.0,"event_name":"Falling","player_choice":"Removed Skill","floor":38.0,"gold_loss":0.0,"damage_taken":0.0},{"damage_healed":0.0,"max_hp_gain":0.0,"max_hp_loss":0.0,"gold_gain":0.0,"event_name":"Mysterious Sphere","player_choice":"Ignored","floor":39.0,"gold_loss":0.0,"damage_taken":0.0},{"damage_healed":0.0,"max_hp_gain":0.0,"max_hp_loss":0.0,"gold_gain":0.0,"event_name":"MindBloom","player_choice":"Fight","floor":41.0,"gold_loss":0.0,"damage_taken":0.0},{"damage_healed":0.0,"max_hp_gain":0.0,"max_hp_loss":0.0,"gold_gain":0.0,"event_name":"Accursed Blacksmith","player_choice":"Rummage","floor":46.0,"gold_loss":0.0,"damage_taken":0.0,"relics_obtained":["WarpedTongs"],"cards_obtained":["Pain"]}],"is_beta":false,"boss_relics":[{"not_picked":["Tiny House","Empty Cage"],"picked":"Runic Pyramid"},{"not_picked":["Pandora\u0027s Box","Black Blood"],"picked":"Astrolabe"}],"items_purged_floors":[3,22],"is_endless":false,"potions_floor_spawned":[6,11,13,16,19,27,35,40,45,47,55],"killed_by":"The Heart","ascension_level":20}