{"gold_per_floor":[111,129,142,142,162,162,176,206,232,262,280,280,280,290,290,290],"floor_reached":16,"playtime":1075,"items_purged":[],"score":228,"play_id":"a03b3725-7f0c-4825-9f6c-d18da93bc0f6","local_time":"20230818005314","is_ascension_mode":true,"campfire_choices":[{"data":"Whirlwind","floor":6,"key":"SMITH"},{"data":"Body Slam","floor":12,"key":"SMITH"},{"data":"Armaments","floor":15,"key":"SMITH"}],"neow_cost":"NONE","seed_source_timestamp":105738412336708,"circlet_count":0,"master_deck":["AscendersBane","Strike_R","Strike_R","Strike_R","Strike_R","Strike_R","Defend_R","Defend_R","Defend_R+1","Defend_R","Bash","Whirlwind+1","Anger","Shrug It Off","Shrug It Off+1","Body Slam+1","Armaments+1"],"relics":["Burning Blood","Oddly Smooth Stone","Matryoshka","Strawberry","War Paint","Bag of Marbles","Gremlin Horn"],"potions_floor_usage":[8,8,16,16],"damage_taken":[{"damage":5,"enemies":"Cultist","floor":1,"turns":4},{"damage":0,"enemies":"Jaw Worm","floor":2,"turns":5},{"damage":12,"enemies":"Small Slimes","floor":3,"turns":2},{"damage":10,"enemies":"Looter","floor":5,"turns":3},{"damage":16,"enemies":"Exordium Thugs","floor":7,"turns":4},{"damage":37,"enemies":"Lagavulin","floor":8,"turns":8},{"damage":24,"enemies":"3 Sentries","floor":10,"turns":8},{"damage":6,"enemies":"Gremlin Gang","floor":11,"turns":3},{"damage":4,"enemies":"Blue Slaver","floor":14,"turns":2},{"damage":30,"enemies":"Hexaghost","floor":16,"turns":9}],"seed_played":"-2409101464806839688","potions_obtained":[{"floor":1,"key":"Block Potion"},{"floor":2,"key":"SteroidPotion"},{"floor":5,"key":"Regen Potion"},{"floor":11,"key":"Weak Potion"},{"floor":14,"key":"FearPotion"}],"is_trial":false,"path_per_floor":["M","M","M","?","M","R","M","E","T","E","M","R","?","M","R","B"],"character_chosen":"IRONCLAD","basemod:card_modifiers":[null,null,null,null,null,null,null,null,null,null,null,null,null,null,null,null,null],"items_purchased":[],"campfire_rested":0,"item_purchase_floors":[],"current_hp_per_floor":[69,75,69,64,60,60,50,41,41,23,23,23,28,30,30,0],"gold":290,"neow_bonus":"RANDOM_COMMON_RELIC","is_prod":false,"is_daily":false,"chose_seed":false,"campfire_upgraded":3,"win_rate":0,"timestamp":1692334394,"path_taken":["M","?","M","?","M","R","M","E","T","E","M","R","?","M","R","BOSS"],"build_version":"2022-12-01","purchased_purges":0,"victory":false,"max_hp_per_floor":[75,75,75,75,75,75,75,82,82,82,82,82,87,87,87,87],"card_choices":[{"not_picked":["Cleave","Iron Wave"],"picked":"Whirlwind","floor":1},{"not_picked":["Sword Boomerang","True Grit","Body Slam"],"picked":"SKIP","floor":2},{"not_picked":["Reckless Charge","Shrug It Off"],"picked":"Anger","floor":3},{"not_picked":["Thunderclap","Anger"],"picked":"Shrug It Off","floor":5},{"not_picked":["Clothesline","Body Slam","Perfected Strike"],"picked":"SKIP","floor":7},{"not_picked":["Hemokinesis","Thunderclap"],"picked":"Shrug It Off","floor":8},{"not_picked":["Searing Blow","Ghostly Armor","Thunderclap"],"picked":"SKIP","floor":10},{"not_picked":["Infernal Blade","Flex"],"picked":"Body Slam","floor":11},{"not_picked":["Sword Boomerang","Evolve"],"picked":"Armaments","floor":14}],"player_experience":64058,"relics_obtained":[{"floor":8,"key":"Strawberry"},{"floor":9,"key":"War Paint"},{"floor":9,"key":"Bag of Marbles"},{"floor":10,"key":"Gremlin Horn"}],"event_choices":[{"damage_healed":0,"gold_gain":0,"player_choice":"Success","damage_taken":5,"relics_obtained":["Matryoshka"],"max_hp_gain":0,"max_hp_loss":0,"event_name":"Scrap Ooze","floor":4,"gold_loss":0},{"damage_healed":0,"gold_gain":0,"player_choice":"Donut","damage_taken":0,"max_hp_gain":5,"max_hp_loss":0,"event_name":"Big Fish","floor":13,"gold_loss":0}],"is_beta":false,"boss_relics":[],"items_purged_floors":[],"is_endless":false,"potions_floor_spawned":[1,2,5,11,14],"killed_by":"Hexaghost","ascension_level":20}