{"gold_per_floor":[112,131,146,146,162,162,175,201,247,247,278,296,331,341,341,415,415,434,359,378,389,176,206,206,231,311,337,337,337,337,337,337,410,410,423,441,441,159,159,194,211,237,237,263,263,263,263,273,273,273,273,273,273,38,72,72],"floor_reached":56,"playtime":4633,"items_purged":["Strike_R","Strike_R","Cleave"],"score":2276,"play_id":"82205458-ef18-4eac-a567-19fd55568dfc","local_time":"20230816202830","is_ascension_mode":true,"campfire_choices":[{"data":"Fiend Fire","floor":6.0,"key":"SMITH"},{"data":"Bash","floor":10.0,"key":"SMITH"},{"floor":15.0,"key":"REST"},{"floor":24.0,"key":"REST"},{"floor":29.0,"key":"REST"},{"floor":32.0,"key":"REST"},{"floor":45.0,"key":"RECALL"},{"data":"Offering","floor":47.0,"key":"SMITH"},{"data":"Offering","floor":49,"key":"SMITH"},{"data":"Disarm","floor":53,"key":"SMITH"}],"neow_cost":"PERCENT_DAMAGE","seed_source_timestamp":0,"circlet_count":0,"master_deck":["AscendersBane","Defend_R","Defend_R","Defend_R","Bash+1","Dual Wield+1","Fiend Fire+1","Armaments","Inflame","Fire Breathing","Disarm+1","Sword Boomerang","Offering+1","Spot Weakness","Offering+1","Inflame+1","Pommel Strike+1","Shrug It Off+1","Exhume","Pommel Strike+1","Corruption","Evolve","Swivel","Blade Dance","Burning Pact+1"],"special_seed":0,"relics":["Burning Blood","CaptainsWheel","Strawberry","The Courier","Oddly Smooth Stone","SlaversCollar","War Paint","Pen Nib","Dead Branch","Singing Bowl","Red Skull","Paper Frog","Enchiridion","Busted Crown","PrismaticShard","Charon\u0027s Ashes","Omamori","PreservedInsect","OrangePellets","Anchor"],"potions_floor_usage":[55,56],"damage_taken":[{"damage":1.0,"enemies":"Cultist","floor":1.0,"turns":3.0},{"damage":7.0,"enemies":"Jaw Worm","floor":2.0,"turns":2.0},{"damage":9.0,"enemies":"2 Louse","floor":3.0,"turns":3.0},{"damage":15.0,"enemies":"Large Slime","floor":5.0,"turns":4.0},{"damage":11.0,"enemies":"Blue Slaver","floor":7.0,"turns":4.0},{"damage":9.0,"enemies":"3 Sentries","floor":8.0,"turns":5.0},{"damage":25.0,"enemies":"Lagavulin","floor":11.0,"turns":6.0},{"damage":9.0,"enemies":"3 Louse","floor":12.0,"turns":4.0},{"damage":14.0,"enemies":"Gremlin Nob","floor":13.0,"turns":3.0},{"damage":9.0,"enemies":"Gremlin Gang","floor":14.0,"turns":4.0},{"damage":22.0,"enemies":"Hexaghost","floor":16.0,"turns":7.0},{"damage":12.0,"enemies":"Chosen","floor":18.0,"turns":3.0},{"damage":6.0,"enemies":"3 Byrds","floor":20.0,"turns":4.0},{"damage":28.0,"enemies":"Snecko","floor":21.0,"turns":6.0},{"damage":21.0,"enemies":"Gremlin Leader","floor":23.0,"turns":4.0},{"damage":15.0,"enemies":"Slavers","floor":25.0,"turns":3.0},{"damage":18.0,"enemies":"Book of Stabbing","floor":27.0,"turns":3.0},{"damage":22.0,"enemies":"Champ","floor":33.0,"turns":4.0},{"damage":39.0,"enemies":"3 Darklings","floor":35.0,"turns":3.0},{"damage":0.0,"enemies":"Orb Walker","floor":36.0,"turns":3.0},{"damage":6.0,"enemies":"Nemesis","floor":40.0,"turns":3.0},{"damage":0.0,"enemies":"4 Shapes","floor":41.0,"turns":2.0},{"damage":0.0,"enemies":"Reptomancer","floor":42.0,"turns":2.0},{"damage":15.0,"enemies":"Giant Head","floor":44.0,"turns":4.0},{"damage":6,"enemies":"Writhing Mass","floor":48,"turns":3},{"damage":15,"enemies":"Time Eater","floor":50,"turns":7},{"damage":6,"enemies":"Donu and Deca","floor":51,"turns":3},{"damage":12,"enemies":"Shield and Spear","floor":55,"turns":2},{"damage":74,"enemies":"The Heart","floor":56,"turns":6}],"seed_played":"7824746471239263336","potions_obtained":[{"floor":2.0,"key":"PowerPotion"},{"floor":7.0,"key":"Strength Potion"},{"floor":11.0,"key":"Energy Potion"},{"floor":14.0,"key":"Block Potion"},{"floor":18.0,"key":"FearPotion"},{"floor":21.0,"key":"LiquidMemories"},{"floor":27.0,"key":"AttackPotion"},{"floor":35.0,"key":"Strength Potion"},{"floor":48,"key":"Explosive Potion"}],"is_trial":false,"path_per_floor":["M","M","M","?","M","R","M","E","T","R","E","M","E","M","R","B",null,"M","?","M","M","$","E","R","E","T","E","T","R","?","?","R","B",null,"M","M","?","$","?","E","M","E","T","E","R","?","R","M","R","B","B",null,"R","$","E","B"],"character_chosen":"IRONCLAD","basemod:card_modifiers":[null,null,null,null,null,null,null,null,null,null,null,null,null,null,null,null,null,null,null,null,null,null,null,null,null],"items_purchased":["Shrug It Off","War Paint","Evolve","PrismaticShard","Energy Potion","OrangePellets"],"campfire_rested":4,"item_purchase_floors":[22,22,38,38,38,54],"current_hp_per_floor":[55,54,51,51,42,42,37,34,41,41,22,19,11,8,32,16,66,60,60,60,38,38,23,47,38,38,26,26,50,29,29,53,37,71,40,48,48,48,48,48,56,62,62,55,55,57,57,59,59,50,50,80,80,80,74,0],"gold":72,"neow_bonus":"TRANSFORM_TWO_CARDS","is_prod":false,"is_daily":false,"chose_seed":false,"campfire_upgraded":5,"win_rate":0,"timestamp":1692232110,"path_taken":["M","M","M","?","M","R","M","E","T","R","E","M","E","?","R","BOSS","M","?","M","M","$","E","R","E","T","E","?","R","?","?","R","BOSS","M","M","?","$","?","E","?","E","T","E","R","?","R","M","R","BOSS","BOSS","R","$","E","BOSS"],"build_version":"2022-12-01","purchased_purges":3,"victory":false,"max_hp_per_floor":[75,75,75,75,75,75,75,75,82,82,82,82,82,82,82,82,82,82,82,82,82,82,82,82,82,82,82,82,82,82,82,82,82,82,84,86,82,82,82,82,84,84,84,86,86,88,88,90,90,90,90,90,90,90,90,90],"card_choices":[{"not_picked":["Flex","Clash"],"picked":"Armaments","floor":1.0},{"not_picked":["Shrug It Off","Body Slam"],"picked":"Inflame","floor":2.0},{"not_picked":["Heavy Blade","Sword Boomerang"],"picked":"Fire Breathing","floor":3.0},{"not_picked":["Thunderclap","Anger","Blood for Blood"],"picked":"SKIP","floor":5.0},{"not_picked":["Warcry","Barricade"],"picked":"Disarm","floor":7.0},{"not_picked":["Wild Strike","Body Slam"],"picked":"Sword Boomerang","floor":8.0},{"not_picked":["Headbutt","Reckless Charge"],"picked":"Offering","floor":11.0},{"not_picked":["Armaments","Body Slam","Wild Strike"],"picked":"SKIP","floor":12.0},{"not_picked":["Seeing Red","Thunderclap"],"picked":"Spot Weakness","floor":13.0},{"not_picked":["Hemokinesis","Flex","Sentinel"],"picked":"SKIP","floor":14.0},{"not_picked":["Barricade","Demon Form"],"picked":"Offering","floor":16.0},{"not_picked":["True Grit","Clash"],"picked":"Cleave","floor":18.0},{"not_picked":["Flex","Body Slam"],"picked":"Inflame+1","floor":20.0},{"not_picked":["Iron Wave","Clash"],"picked":"Pommel Strike","floor":21.0},{"not_picked":["Iron Wave","Uppercut","Demon Form"],"picked":"SKIP","floor":23.0},{"not_picked":["Thunderclap","Inflame"],"picked":"Exhume","floor":25.0},{"not_picked":["Impervious","Hemokinesis"],"picked":"Pommel Strike+1","floor":27.0},{"not_picked":["Double Tap","Reaper"],"picked":"Corruption","floor":33.0},{"not_picked":["Body Slam"],"picked":"Singing Bowl","floor":35.0},{"not_picked":["Wild Strike"],"picked":"Singing Bowl","floor":36.0},{"not_picked":[],"picked":"Swivel","floor":40.0},{"not_picked":["Loop"],"picked":"Singing Bowl","floor":41.0},{"not_picked":[],"picked":"Blade Dance","floor":42.0},{"not_picked":["Fasting2"],"picked":"Singing Bowl","floor":44.0},{"not_picked":["The Bomb"],"picked":"Singing Bowl","floor":46.0},{"not_picked":["Perfected Strike"],"picked":"Singing Bowl","floor":48},{"not_picked":[],"picked":"Burning Pact+1","floor":55}],"player_experience":36490,"relics_obtained":[{"floor":8.0,"key":"CaptainsWheel"},{"floor":9.0,"key":"Strawberry"},{"floor":11.0,"key":"The Courier"},{"floor":13.0,"key":"Oddly Smooth Stone"},{"floor":23.0,"key":"Pen Nib"},{"floor":25.0,"key":"Dead Branch"},{"floor":26.0,"key":"Singing Bowl"},{"floor":27.0,"key":"Red Skull"},{"floor":28.0,"key":"Paper Frog"},{"floor":30.0,"key":"Enchiridion"},{"floor":40.0,"key":"Charon\u0027s Ashes"},{"floor":42.0,"key":"Omamori"},{"floor":44.0,"key":"PreservedInsect"},{"floor":55,"key":"Anchor"}],"event_choices":[{"cards_removed":["Strike_R"],"damage_healed":0.0,"max_hp_gain":0.0,"max_hp_loss":0.0,"gold_gain":0.0,"event_name":"Purifier","player_choice":"Purged","floor":4.0,"gold_loss":0.0,"damage_taken":0.0},{"cards_removed":["Strike_R"],"damage_healed":0.0,"max_hp_gain":0.0,"max_hp_loss":0.0,"gold_gain":0.0,"event_name":"Beggar","player_choice":"Gave Gold","floor":19.0,"gold_loss":75.0,"damage_taken":0.0},{"damage_healed":0.0,"max_hp_gain":0.0,"max_hp_loss":0.0,"gold_gain":0.0,"event_name":"Cursed Tome","player_choice":"Obtained Book","floor":30.0,"gold_loss":0.0,"damage_taken":21.0},{"damage_healed":0.0,"max_hp_gain":0.0,"max_hp_loss":0.0,"gold_gain":0.0,"event_name":"The Mausoleum","player_choice":"Ignored","floor":31.0,"gold_loss":0.0,"damage_taken":0.0},{"damage_healed":0.0,"max_hp_gain":0.0,"max_hp_loss":4.0,"gold_gain":0.0,"event_name":"Winding Halls","player_choice":"Max HP","floor":37.0,"gold_loss":0.0,"damage_taken":0.0},{"damage_healed":0.0,"max_hp_gain":0.0,"max_hp_loss":0.0,"gold_gain":0.0,"event_name":"Upgrade Shrine","player_choice":"Upgraded","floor":39.0,"gold_loss":0.0,"damage_taken":0.0,"cards_upgraded":["Pommel Strike"]},{"damage_healed":0.0,"max_hp_gain":0.0,"max_hp_loss":0.0,"gold_gain":0.0,"event_name":"SensoryStone","player_choice":"Memory 1","floor":46.0,"gold_loss":0.0,"damage_taken":0.0}],"is_beta":false,"boss_relics":[{"not_picked":["Ectoplasm","SacredBark"],"picked":"SlaversCollar"},{"not_picked":["Runic Dome","Empty Cage"],"picked":"Busted Crown"}],"items_purged_floors":[22,38,54],"is_endless":false,"potions_floor_spawned":[2,7,11,14,18,21,27,35,48],"killed_by":"The Heart","ascension_level":20}