{"gold_per_floor":[118,134,153,165,130,130,157,169,181,193,47,64,99,114,114,114],"floor_reached":16,"playtime":935,"items_purged":["Strike_R"],"score":244,"play_id":"8da4a83f-665b-410a-8c6d-2b7cce14621a","local_time":"20230814112011","is_ascension_mode":true,"campfire_choices":[{"data":"Twin Strike","floor":6,"key":"SMITH"},{"data":"Flame Barrier","floor":8,"key":"SMITH"},{"floor":15,"key":"REST"}],"neow_cost":"NONE","seed_source_timestamp":0,"circlet_count":0,"master_deck":["AscendersBane","Strike_R","Strike_R","Strike_R","Strike_R","Defend_R","Defend_R","Defend_R","Defend_R","Bash","Thunderclap","Shockwave","Twin Strike+1","Flame Barrier+1","Whirlwind","Anger","Headbutt"],"special_seed":0,"relics":["Burning Blood","MawBank","The Courier","Lantern"],"potions_floor_usage":[7,10,13,16],"damage_taken":[{"damage":1,"enemies":"Cultist","floor":1,"turns":3},{"damage":8,"enemies":"Small Slimes","floor":2,"turns":4},{"damage":7,"enemies":"2 Louse","floor":3,"turns":3},{"damage":66,"enemies":"Exordium Thugs","floor":4,"turns":7},{"damage":25,"enemies":"Lagavulin","floor":7,"turns":6},{"damage":0,"enemies":"3 Sentries","floor":10,"turns":1},{"damage":1,"enemies":"Exordium Wildlife","floor":12,"turns":4},{"damage":15,"enemies":"Lagavulin","floor":13,"turns":7},{"damage":3,"enemies":"Gremlin Gang","floor":14,"turns":3},{"damage":40,"enemies":"Slime Boss","floor":16,"turns":6}],"seed_played":"6769006495420333082","potions_obtained":[{"floor":2,"key":"DuplicationPotion"},{"floor":7,"key":"SmokeBomb"},{"floor":13,"key":"Ancient Potion"}],"is_trial":false,"path_per_floor":["M","M","M","M","?","R","E","R","T","E","$","M","E","M","R","B"],"character_chosen":"IRONCLAD","basemod:card_modifiers":[null,null,null,null,null,null,null,null,null,null,null,null,null,null,null,null,null],"items_purchased":["Whirlwind","LiquidMemories"],"campfire_rested":1,"item_purchase_floors":[11,11],"current_hp_per_floor":[80,78,77,17,37,37,18,18,18,24,24,29,20,23,47,7],"gold":114,"neow_bonus":"TEN_PERCENT_HP_BONUS","is_prod":false,"is_daily":false,"chose_seed":false,"campfire_upgraded":2,"win_rate":0,"timestamp":1692026411,"path_taken":["M","M","M","M","?","R","E","R","T","E","$","M","E","M","R","BOSS"],"build_version":"2022-12-01","purchased_purges":1,"victory":false,"max_hp_per_floor":[82,82,82,82,82,82,82,82,82,82,82,82,82,82,82,82],"card_choices":[{"not_picked":["Flex","Sword Boomerang"],"picked":"Thunderclap","floor":1},{"not_picked":["Pommel Strike","Bloodletting"],"picked":"Shockwave","floor":2},{"not_picked":["Clothesline","Wild Strike","Warcry"],"picked":"SKIP","floor":3},{"not_picked":["Barricade","Warcry"],"picked":"Twin Strike","floor":4},{"not_picked":["Body Slam","Iron Wave"],"picked":"Flame Barrier","floor":7},{"not_picked":["Uppercut","Disarm"],"picked":"Anger","floor":12},{"not_picked":["Carnage","Demon Form"],"picked":"Headbutt","floor":13},{"not_picked":["Iron Wave","Pommel Strike","Sever Soul"],"picked":"SKIP","floor":14}],"player_experience":4887,"relics_obtained":[{"floor":7,"key":"MawBank"},{"floor":9,"key":"The Courier"},{"floor":13,"key":"Lantern"}],"event_choices":[{"damage_healed":20,"gold_gain":0,"player_choice":"Healed","damage_taken":0,"max_hp_gain":0,"max_hp_loss":0,"event_name":"The Cleric","floor":5,"gold_loss":35}],"is_beta":false,"boss_relics":[],"items_purged_floors":[11],"is_endless":false,"potions_floor_spawned":[2,7,10,13],"killed_by":"Slime Boss","ascension_level":20}