{"gold_per_floor":[112,124,67,81,81,106,106,122,145,145],"floor_reached":10,"playtime":593,"items_purged":[],"score":136,"play_id":"96b93899-7b40-4738-b289-0ba861daf020","local_time":"20230825173551","is_ascension_mode":true,"campfire_choices":[{"data":"Anger","floor":7,"key":"SMITH"}],"neow_cost":"NONE","seed_source_timestamp":105515557662792,"circlet_count":0,"master_deck":["AscendersBane","Strike_R","Strike_R","Strike_R","Strike_R","Defend_R","Defend_R","Defend_R","Bash","Disarm","Anger+1","Headbutt"],"relics":["Empty Cage","Art of War","MealTicket"],"potions_floor_usage":[6],"damage_taken":[{"damage":3,"enemies":"2 Louse","floor":1,"turns":4},{"damage":19,"enemies":"Small Slimes","floor":2,"turns":5},{"damage":4,"enemies":"Cultist","floor":4,"turns":3},{"damage":26,"enemies":"Gremlin Nob","floor":6,"turns":4},{"damage":6,"enemies":"Exordium Wildlife","floor":8,"turns":4},{"damage":35,"enemies":"3 Sentries","floor":10,"turns":3}],"seed_played":"7211833833519591992","potions_obtained":[{"floor":2,"key":"FearPotion"},{"floor":4,"key":"Weak Potion"}],"is_trial":false,"path_per_floor":["M","M","?","M","?","E","R","M","T","E"],"character_chosen":"IRONCLAD","basemod:card_modifiers":[null,null,null,null,null,null,null,null,null,null,null,null],"items_purchased":[],"campfire_rested":0,"item_purchase_floors":[],"current_hp_per_floor":[65,46,46,42,67,41,41,35,35,0],"gold":145,"neow_bonus":"BOSS_RELIC","is_prod":false,"is_daily":false,"chose_seed":false,"campfire_upgraded":1,"win_rate":0,"timestamp":1692999351,"path_taken":["M","M","?","M","?","E","R","M","T","E"],"build_version":"2022-12-01","purchased_purges":0,"victory":false,"max_hp_per_floor":[75,75,75,75,75,75,75,75,75,75],"card_choices":[{"not_picked":["Body Slam","Uppercut"],"picked":"Disarm","floor":1},{"not_picked":["Havoc","Rage"],"picked":"Anger","floor":2},{"not_picked":["Wild Strike","Power Through"],"picked":"Headbutt","floor":4},{"not_picked":["Twin Strike","Iron Wave","Anger"],"picked":"SKIP","floor":6},{"not_picked":["Twin Strike","Iron Wave","Anger"],"picked":"SKIP","floor":6},{"not_picked":["Hemokinesis","Warcry","Twin Strike"],"picked":"SKIP","floor":8}],"player_experience":87900,"relics_obtained":[{"floor":6,"key":"Art of War"},{"floor":9,"key":"MealTicket"}],"event_choices":[{"damage_healed":0,"gold_gain":0,"player_choice":"Left Gold","damage_taken":0,"max_hp_gain":0,"max_hp_loss":0,"event_name":"World of Goop","floor":3,"gold_loss":57},{"damage_healed":25,"gold_gain":0,"player_choice":"Banana","damage_taken":0,"max_hp_gain":0,"max_hp_loss":0,"event_name":"Big Fish","floor":5,"gold_loss":0}],"is_beta":false,"boss_relics":[],"items_purged_floors":[],"is_endless":false,"potions_floor_spawned":[2,4],"killed_by":"3 Sentries","ascension_level":20}