{"gold_per_floor":[112,126,126,143,156,189,189,189,189,189,189,215,235,260,260,338,338,291,45,57,57,57,57,76,76,76,76,76,109,53,82,82,82],"floor_reached":33,"playtime":2142,"items_purged":["Strike_R"],"score":627,"play_id":"245661ab-2f30-4fa2-94a4-d121a6893390","local_time":"20230820010632","is_ascension_mode":true,"campfire_choices":[{"data":"Hemokinesis","floor":8,"key":"SMITH"},{"floor":11,"key":"REST"},{"data":"Flame Barrier","floor":15,"key":"SMITH"},{"data":"Shrug It Off","floor":23,"key":"SMITH"},{"floor":25,"key":"REST"},{"data":"Battle Trance","floor":28,"key":"SMITH"},{"data":"Pommel Strike","floor":32,"key":"SMITH"}],"neow_cost":"NONE","seed_source_timestamp":18851100544417,"circlet_count":0,"master_deck":["AscendersBane","Defend_R+1","Defend_R+1","Defend_R+1","Defend_R+1","Bash","Hemokinesis+1","Combust","Inflame","Limit Break","Shrug It Off+1","Flame Barrier+1","Demon Form","Sword Boomerang","Battle Trance+1","Bite","Bite","Bite","Bite","Bite","Pommel Strike+1","Shrug It Off"],"special_seed":0,"relics":["Burning Blood","NeowsBlessing","Akabeko","Art of War","Kunai","MealTicket","SlaversCollar","Anchor","Shuriken","Bag of Marbles","StoneCalendar"],"potions_floor_usage":[6,12,13,16,20,29,33,33],"damage_taken":[{"damage":0.0,"enemies":"Small Slimes","floor":1.0,"turns":2.0},{"damage":0.0,"enemies":"2 Louse","floor":2.0,"turns":2.0},{"damage":0.0,"enemies":"Cultist","floor":4.0,"turns":1.0},{"damage":8,"enemies":"2 Fungi Beasts","floor":5,"turns":2},{"damage":36,"enemies":"Gremlin Nob","floor":6,"turns":4},{"damage":25,"enemies":"Lagavulin","floor":12,"turns":4},{"damage":3,"enemies":"Exordium Wildlife","floor":13,"turns":1},{"damage":11,"enemies":"Gremlin Nob","floor":14,"turns":3},{"damage":22,"enemies":"The Guardian","floor":16,"turns":13},{"damage":17,"enemies":"2 Thieves","floor":18,"turns":5},{"damage":28,"enemies":"Chosen","floor":20,"turns":6},{"damage":33,"enemies":"Centurion and Healer","floor":24,"turns":7},{"damage":15,"enemies":"Gremlin Leader","floor":29,"turns":7},{"damage":23,"enemies":"Slavers","floor":31,"turns":5},{"damage":61,"enemies":"Automaton","floor":33,"turns":8}],"seed_played":"-1868318337466263957","potions_obtained":[{"floor":2.0,"key":"Explosive Potion"},{"floor":5,"key":"BloodPotion"},{"floor":6,"key":"Swift Potion"},{"floor":14,"key":"Weak Potion"},{"floor":18,"key":"Dexterity Potion"},{"floor":24,"key":"Dexterity Potion"},{"floor":29,"key":"Swift Potion"},{"floor":31,"key":"Explosive Potion"}],"is_trial":false,"path_per_floor":["M","M","?","M","M","E","?","R","T","?","R","E","M","E","R","B",null,"M","$","M","?","?","R","M","R","T","?","R","E","$","E","R","B"],"character_chosen":"IRONCLAD","basemod:card_modifiers":[null,null,null,null,null,null,null,null,null,null,null,null,null,null,null,null,null,null,null,null,null,null],"items_purchased":["Anchor","Shrug It Off"],"campfire_rested":2,"item_purchase_floors":[19,30],"current_hp_per_floor":[74,75,75,75,73,58,35,35,35,40,62,43,46,41,41,25,63,52,67,45,45,45,45,18,40,40,40,40,47,52,45,45,0],"gold":82,"neow_bonus":"THREE_ENEMY_KILL","is_prod":false,"is_daily":false,"chose_seed":false,"campfire_upgraded":5,"win_rate":0,"timestamp":1692507992,"path_taken":["M","M","?","M","M","E","?","R","T","?","R","E","?","E","R","BOSS","M","$","M","?","?","R","M","R","T","?","R","E","$","E","R","BOSS"],"build_version":"2022-12-01","purchased_purges":1,"victory":false,"max_hp_per_floor":[75,75,75,75,75,75,75,75,75,75,75,75,75,75,75,75,75,75,75,75,75,75,75,75,75,75,52,52,52,52,52,52,52],"card_choices":[{"not_picked":["Thunderclap","Cleave"],"picked":"Perfected Strike","floor":1.0},{"not_picked":["Thunderclap","Headbutt"],"picked":"Hemokinesis","floor":2.0},{"not_picked":["True Grit","Power Through"],"picked":"Combust","floor":4.0},{"not_picked":["Second Wind","Body Slam"],"picked":"Inflame","floor":5},{"not_picked":["Flex","Perfected Strike"],"picked":"Limit Break","floor":6},{"not_picked":["Searing Blow","Dark Embrace"],"picked":"Shrug It Off","floor":12},{"not_picked":["Anger","True Grit","Iron Wave"],"picked":"SKIP","floor":13},{"not_picked":["Dark Embrace","Shrug It Off"],"picked":"Flame Barrier","floor":14},{"not_picked":["Barricade","Berserk"],"picked":"Demon Form","floor":16},{"not_picked":["Anger","Thunderclap+1","Blood for Blood"],"picked":"SKIP","floor":18},{"not_picked":["Intimidate","Hemokinesis+1"],"picked":"Sword Boomerang","floor":20},{"not_picked":["Reckless Charge","Shockwave"],"picked":"Battle Trance","floor":24},{"not_picked":["Warcry","Ghostly Armor"],"picked":"Pommel Strike","floor":29},{"not_picked":["Warcry","Anger","Fiend Fire"],"picked":"SKIP","floor":31}],"player_experience":26726,"relics_obtained":[{"floor":6,"key":"Akabeko"},{"floor":9,"key":"Art of War"},{"floor":12,"key":"Kunai"},{"floor":14,"key":"MealTicket"},{"floor":26,"key":"Shuriken"},{"floor":29,"key":"Bag of Marbles"},{"floor":31,"key":"StoneCalendar"}],"event_choices":[{"damage_healed":0.0,"max_hp_gain":0.0,"max_hp_loss":0.0,"gold_gain":0.0,"event_name":"Liars Game","player_choice":"Ignored","floor":3.0,"gold_loss":0.0,"damage_taken":0.0},{"damage_healed":0,"gold_gain":0,"player_choice":"Entered Light","damage_taken":23,"max_hp_gain":0,"max_hp_loss":0,"event_name":"Shining Light","floor":7,"gold_loss":0,"cards_upgraded":["Strike_R","Defend_R"]},{"cards_removed":["Perfected Strike"],"damage_healed":5,"gold_gain":0,"player_choice":"Offered Common","damage_taken":0,"max_hp_gain":0,"max_hp_loss":0,"event_name":"Bonfire Elementals","floor":10,"gold_loss":0},{"cards_removed":["Perfected Strike"],"damage_healed":5,"gold_gain":0,"player_choice":"Offered Special","damage_taken":0,"max_hp_gain":0,"max_hp_loss":0,"event_name":"Bonfire Elementals","floor":10,"gold_loss":0},{"damage_healed":0,"gold_gain":0,"player_choice":"Ignored","damage_taken":0,"max_hp_gain":0,"max_hp_loss":0,"event_name":"The Mausoleum","floor":21,"gold_loss":0},{"damage_healed":0,"gold_gain":0,"player_choice":"Simplicity","damage_taken":0,"max_hp_gain":0,"max_hp_loss":0,"event_name":"Back to Basics","floor":22,"gold_loss":0,"cards_upgraded":["Strike_R","Strike_R","Strike_R","Defend_R","Defend_R","Defend_R"]},{"damage_healed":0,"gold_gain":0,"player_choice":"Became a vampire","damage_taken":0,"max_hp_gain":0,"max_hp_loss":23,"event_name":"Vampires","floor":27,"gold_loss":0,"cards_obtained":["Bite","Bite","Bite","Bite","Bite"]}],"is_beta":false,"boss_relics":[{"not_picked":["Runic Cube","Ectoplasm"],"picked":"SlaversCollar"}],"items_purged_floors":[19],"is_endless":false,"potions_floor_spawned":[2,5,6,14,18,24,29,31],"killed_by":"Automaton","ascension_level":20}