{"gold_per_floor":[116,128,144,144,144,170,170,202,202,202,202,213,163,177,177,256,256,275,200,200,218,218],"floor_reached":22,"playtime":1478,"items_purged":["Strike_R"],"score":462,"play_id":"ba4ef096-1b02-47ad-9dac-192d63d91a13","local_time":"20230822141057","is_ascension_mode":true,"campfire_choices":[{"floor":7,"key":"REST"},{"data":"Uppercut","floor":11,"key":"SMITH"},{"data":"True Grit","floor":15,"key":"SMITH"}],"neow_cost":"NONE","seed_source_timestamp":17431454886416,"circlet_count":0,"master_deck":["AscendersBane","Strike_R","Strike_R","Strike_R","Strike_R","Defend_R","Defend_R","Defend_R","Defend_R","Bash","Feed","Uppercut+1","Seeing Red","Rage","Combust","True Grit+1","Armaments","Impervious","Pommel Strike"],"relics":["Burning Blood","Pear","White Beast Statue","Tiny Chest","HornCleat","SlaversCollar"],"potions_floor_usage":[10,13,16,18,21,22,22],"damage_taken":[{"damage":3,"enemies":"2 Louse","floor":1,"turns":3},{"damage":6,"enemies":"Jaw Worm","floor":2,"turns":4},{"damage":0,"enemies":"Cultist","floor":3,"turns":3},{"damage":82,"enemies":"Lagavulin","floor":6,"turns":11},{"damage":40,"enemies":"3 Sentries","floor":8,"turns":8},{"damage":0,"enemies":"Gremlin Nob","floor":10,"turns":3},{"damage":2,"enemies":"Blue Slaver","floor":12,"turns":5},{"damage":13,"enemies":"Exordium Thugs","floor":13,"turns":5},{"damage":0,"enemies":"Exordium Wildlife","floor":14,"turns":5},{"damage":30,"enemies":"The Guardian","floor":16,"turns":13},{"damage":25,"enemies":"3 Byrds","floor":18,"turns":5},{"damage":28,"enemies":"Spheric Guardian","floor":21,"turns":5},{"damage":49,"enemies":"Snecko","floor":22,"turns":8}],"seed_played":"-6895136735456958269","potions_obtained":[{"floor":1,"key":"ElixirPotion"},{"floor":8,"key":"SmokeBomb"},{"floor":12,"key":"EssenceOfSteel"},{"floor":13,"key":"PowerPotion"},{"floor":14,"key":"SneckoOil"},{"floor":16,"key":"HeartOfIron"},{"floor":18,"key":"Explosive Potion"},{"floor":20,"key":"GamblersBrew"},{"floor":21,"key":"CultistPotion"}],"is_trial":false,"path_per_floor":["M","M","M","?","?","E","R","E","T","E","R","M","M","M","R","B",null,"M","$","?","M","M"],"character_chosen":"IRONCLAD","basemod:card_modifiers":[null,null,null,null,null,null,null,null,null,null,null,null,null,null,null,null,null,null,null],"items_purchased":[],"campfire_rested":1,"item_purchase_floors":[],"current_hp_per_floor":[74,77,84,89,99,23,52,18,18,24,24,31,24,33,33,12,84,68,68,68,49,0],"gold":218,"neow_bonus":"ONE_RANDOM_RARE_CARD","is_prod":false,"is_daily":false,"chose_seed":false,"campfire_upgraded":2,"win_rate":0,"timestamp":1692727857,"path_taken":["M","M","M","?","?","E","R","E","T","E","R","M","?","M","R","BOSS","M","$","?","M","M"],"build_version":"2022-12-01","purchased_purges":1,"victory":false,"max_hp_per_floor":[78,81,84,89,99,99,99,99,99,99,99,102,102,105,105,108,108,111,111,111,114,114],"card_choices":[{"not_picked":["Evolve","Clothesline"],"picked":"Uppercut","floor":1},{"not_picked":["Infernal Blade","Sever Soul"],"picked":"Seeing Red","floor":2},{"not_picked":["Havoc","Warcry"],"picked":"Rage","floor":3},{"not_picked":["Havoc","Pummel"],"picked":"Combust","floor":6},{"not_picked":["Cleave","Clothesline"],"picked":"True Grit","floor":8},{"not_picked":["Thunderclap","Dark Embrace"],"picked":"Armaments","floor":12},{"not_picked":["Rage","Dark Embrace","Wild Strike"],"picked":"SKIP","floor":13},{"not_picked":["True Grit","Clash","Sword Boomerang"],"picked":"SKIP","floor":14},{"not_picked":["Limit Break","Barricade"],"picked":"Impervious","floor":16},{"not_picked":["Havoc","Ghostly Armor"],"picked":"Pommel Strike","floor":18},{"not_picked":["Warcry","Anger","Rupture"],"picked":"SKIP","floor":21}],"player_experience":63550,"relics_obtained":[{"floor":6,"key":"White Beast Statue"},{"floor":8,"key":"Tiny Chest"},{"floor":9,"key":"HornCleat"}],"event_choices":[{"damage_healed":0,"gold_gain":0,"player_choice":"Donut","damage_taken":0,"max_hp_gain":5,"max_hp_loss":0,"event_name":"Big Fish","floor":4,"gold_loss":0},{"damage_healed":0,"gold_gain":0,"player_choice":"Gave Potion","damage_taken":0,"relics_obtained":["Pear"],"max_hp_gain":0,"max_hp_loss":0,"event_name":"WeMeetAgain","floor":5,"gold_loss":0},{"damage_healed":0,"gold_gain":0,"player_choice":"Got Potions","damage_taken":0,"max_hp_gain":0,"max_hp_loss":0,"event_name":"Lab","floor":20,"gold_loss":0}],"is_beta":false,"boss_relics":[{"not_picked":["Ectoplasm","Velvet Choker"],"picked":"SlaversCollar"}],"items_purged_floors":[19],"is_endless":false,"potions_floor_spawned":[1,8,10,12,13,14,16,18,21],"killed_by":"Snecko","ascension_level":20}