{"gold_per_floor":[116,116,116,116,139,139,173,194,220,220,234,272,272,30,30,119,119,133,133,133,154,169,169],"floor_reached":23,"playtime":1137,"items_purged":["Strike_R"],"score":448,"play_id":"7964ebf8-a1e9-4ea7-9d99-13edc5e1b89a","local_time":"20230817181427","is_ascension_mode":true,"campfire_choices":[{"data":"Pommel Strike","floor":6.0,"key":"SMITH"},{"data":"Uppercut","floor":10.0,"key":"SMITH"},{"data":"Flame Barrier","floor":15.0,"key":"SMITH"}],"neow_cost":"NONE","seed_source_timestamp":92153522615334,"circlet_count":0,"master_deck":["AscendersBane","Strike_R+1","Strike_R+1","Strike_R+1","Strike_R+1","Defend_R+1","Defend_R+1","Defend_R+1","Defend_R+1","Bash","Pommel Strike+1","Flame Barrier+1","Uppercut+1","Pommel Strike+1","Corruption+1","Flex+1","Shrug It Off"],"special_seed":0,"relics":["Burning Blood","NeowsBlessing","Golden Idol","War Paint","Anchor","Dream Catcher","Frozen Egg 2","DollysMirror","Fusion Hammer"],"potions_floor_usage":[21],"damage_taken":[{"damage":0.0,"enemies":"Jaw Worm","floor":1.0,"turns":1.0},{"damage":0.0,"enemies":"Small Slimes","floor":5.0,"turns":1.0},{"damage":0.0,"enemies":"3 Sentries","floor":7.0,"turns":1.0},{"damage":0.0,"enemies":"2 Louse","floor":8.0,"turns":2.0},{"damage":1.0,"enemies":"Looter","floor":11.0,"turns":3.0},{"damage":38.0,"enemies":"Lagavulin","floor":12.0,"turns":10.0},{"damage":12.0,"enemies":"The Guardian","floor":16.0,"turns":14.0},{"damage":8,"enemies":"Shell Parasite","floor":18,"turns":4},{"damage":10,"enemies":"Spheric Guardian","floor":21,"turns":4},{"damage":18,"enemies":"Snake Plant","floor":22,"turns":3},{"damage":54,"enemies":"Book of Stabbing","floor":23,"turns":5}],"seed_played":"-1269711483188395586","potions_obtained":[{"floor":5.0,"key":"ElixirPotion"},{"floor":12.0,"key":"Block Potion"},{"floor":16.0,"key":"DuplicationPotion"}],"is_trial":false,"path_per_floor":["M","?","?","?","M","R","E","M","T","R","M","E","T","$","R","B",null,"M","?","?","M","M","E"],"character_chosen":"IRONCLAD","basemod:card_modifiers":[null,null,null,null,null,null,null,null,null,null,null,null,null,null,null,null,null],"items_purchased":["DollysMirror"],"campfire_rested":0,"item_purchase_floors":[14],"current_hp_per_floor":[74,48,53,53,59,59,65,71,71,71,76,44,44,44,44,38,70,68,68,68,64,52,0],"gold":169,"neow_bonus":"THREE_ENEMY_KILL","is_prod":false,"is_daily":false,"chose_seed":false,"campfire_upgraded":3,"win_rate":0,"timestamp":1692310467,"path_taken":["M","?","?","?","M","R","E","M","T","R","M","E","?","$","R","BOSS","M","?","?","M","M","E"],"build_version":"2022-12-01","purchased_purges":1,"victory":false,"max_hp_per_floor":[75,75,80,80,80,80,80,80,80,80,80,80,80,80,80,80,80,80,80,80,80,80,80],"card_choices":[{"not_picked":["Flex","Clash","Carnage"],"picked":"SKIP","floor":1.0},{"not_picked":["Wild Strike","Armaments"],"picked":"Pommel Strike","floor":5.0},{"not_picked":["Heavy Blade","Clash"],"picked":"Flame Barrier","floor":7.0},{"not_picked":["Twin Strike","Havoc"],"picked":"Uppercut","floor":8.0},{"not_picked":["Armaments","Body Slam","Heavy Blade"],"picked":"SKIP","floor":11.0},{"not_picked":["Armaments","Body Slam","Heavy Blade"],"picked":"SKIP","floor":11.0},{"not_picked":["Reckless Charge","Dual Wield","Power Through"],"picked":"SKIP","floor":12.0},{"not_picked":["Fiend Fire","Offering"],"picked":"Corruption+1","floor":16.0},{"not_picked":["Battle Trance+1","Warcry"],"picked":"Flex+1","floor":18},{"not_picked":["True Grit","Flame Barrier+1"],"picked":"Shrug It Off","floor":21},{"not_picked":["Cleave","Thunderclap","Dropkick"],"picked":"SKIP","floor":22}],"player_experience":56918,"relics_obtained":[{"floor":7.0,"key":"War Paint"},{"floor":9.0,"key":"Anchor"},{"floor":12.0,"key":"Dream Catcher"},{"floor":13.0,"key":"Frozen Egg 2"}],"event_choices":[{"damage_healed":0.0,"max_hp_gain":0.0,"max_hp_loss":0.0,"gold_gain":0.0,"event_name":"Golden Idol","player_choice":"Take Damage","floor":2.0,"gold_loss":0.0,"damage_taken":26.0,"relics_obtained":["Golden Idol"]},{"damage_healed":0.0,"max_hp_gain":5.0,"max_hp_loss":0.0,"gold_gain":0.0,"event_name":"Big Fish","player_choice":"Donut","floor":3.0,"gold_loss":0.0,"damage_taken":0.0},{"damage_healed":0.0,"max_hp_gain":0.0,"max_hp_loss":0.0,"gold_gain":0.0,"event_name":"Liars Game","player_choice":"Ignored","floor":4.0,"gold_loss":0.0,"damage_taken":0.0},{"damage_healed":0,"gold_gain":0,"player_choice":"Ignored","damage_taken":0,"max_hp_gain":0,"max_hp_loss":0,"event_name":"Ghosts","floor":19,"gold_loss":0},{"damage_healed":0,"gold_gain":0,"player_choice":"Simplicity","damage_taken":0,"max_hp_gain":0,"max_hp_loss":0,"event_name":"Back to Basics","floor":20,"gold_loss":0,"cards_upgraded":["Strike_R","Strike_R","Strike_R","Strike_R","Defend_R","Defend_R"]}],"is_beta":false,"boss_relics":[{"not_picked":["Coffee Dripper","SlaversCollar"],"picked":"Fusion Hammer"}],"items_purged_floors":[14],"is_endless":false,"potions_floor_spawned":[5,12,16,18],"killed_by":"Book of Stabbing","ascension_level":20}