{"gold_per_floor":[166,185,198,209,174,174,207,225,248,283,283,317,337,355,355,355],"floor_reached":16,"playtime":1016,"items_purged":[],"score":248,"play_id":"4b1e23ff-e0d4-4b69-87e9-132d51319e9a","local_time":"20230822094345","is_ascension_mode":true,"campfire_choices":[{"data":"Blood for Blood","floor":6.0,"key":"SMITH"},{"floor":11.0,"key":"REST"},{"floor":15,"key":"REST"}],"neow_cost":"NONE","seed_source_timestamp":1778366398250,"circlet_count":0,"master_deck":["AscendersBane","Strike_R","Strike_R","Strike_R","Strike_R+1","Strike_R","Defend_R","Defend_R","Defend_R","Defend_R","Bash","Thunderclap","Armaments","Blood for Blood+1","Bloodletting","Feed","Reaper","Iron Wave"],"special_seed":0,"relics":["Tiny House","MealTicket","Bag of Preparation","Blood Vial","Lantern"],"potions_floor_usage":[14,16],"damage_taken":[{"damage":0.0,"enemies":"2 Louse","floor":1.0,"turns":4.0},{"damage":11.0,"enemies":"Small Slimes","floor":2.0,"turns":4.0},{"damage":2.0,"enemies":"Jaw Worm","floor":3.0,"turns":2.0},{"damage":10.0,"enemies":"3 Louse","floor":4.0,"turns":3.0},{"damage":33.0,"enemies":"Lagavulin","floor":7.0,"turns":6.0},{"damage":5.0,"enemies":"Large Slime","floor":8.0,"turns":4.0},{"damage":11.0,"enemies":"Gremlin Nob","floor":10.0,"turns":3.0},{"damage":35.0,"enemies":"3 Sentries","floor":12.0,"turns":8.0},{"damage":9.0,"enemies":"2 Fungi Beasts","floor":13.0,"turns":3.0},{"damage":6,"enemies":"3 Louse","floor":14,"turns":2},{"damage":46,"enemies":"The Guardian","floor":16,"turns":6}],"seed_played":"7935643512852610146","potions_obtained":[{"floor":0.0,"key":"DistilledChaos"},{"floor":1.0,"key":"DistilledChaos"},{"floor":4.0,"key":"SpeedPotion"},{"floor":12.0,"key":"Fruit Juice"},{"floor":13.0,"key":"DuplicationPotion"}],"is_trial":false,"path_per_floor":["M","M","M","M","?","R","E","M","T","E","R","E","M","M","R","B"],"character_chosen":"IRONCLAD","basemod:card_modifiers":[null,null,null,null,null,null,null,null,null,null,null,null,null,null,null,null,null,null],"items_purchased":[],"campfire_rested":2,"item_purchase_floors":[],"current_hp_per_floor":[73,62,60,50,70,70,37,32,32,21,45,15,16,15,43,6],"gold":355,"neow_bonus":"BOSS_RELIC","is_prod":false,"is_daily":false,"chose_seed":false,"campfire_upgraded":1,"win_rate":0,"timestamp":1692711825,"path_taken":["M","M","M","M","?","R","E","M","T","E","R","E","M","M","R","BOSS"],"build_version":"2022-12-01","purchased_purges":0,"victory":false,"max_hp_per_floor":[80,80,80,80,80,80,80,80,80,80,80,83,91,94,94,94],"card_choices":[{"not_picked":["Feel No Pain","Wild Strike"],"picked":"Thunderclap","floor":0.0},{"not_picked":["True Grit","Clash"],"picked":"Armaments","floor":1.0},{"not_picked":["Intimidate","Havoc"],"picked":"Blood for Blood","floor":2.0},{"not_picked":["Dark Embrace","Warcry"],"picked":"Bloodletting","floor":3.0},{"not_picked":["Havoc","Perfected Strike","Thunderclap"],"picked":"SKIP","floor":4.0},{"not_picked":["Intimidate","Anger"],"picked":"Feed","floor":7.0},{"not_picked":["Combust","Body Slam","Cleave"],"picked":"SKIP","floor":8.0},{"not_picked":["Juggernaut","Carnage","Havoc"],"picked":"SKIP","floor":10.0},{"not_picked":["Feel No Pain","Cleave","Twin Strike"],"picked":"SKIP","floor":12.0},{"not_picked":["Rampage","True Grit"],"picked":"Reaper","floor":13.0},{"not_picked":["Havoc","Dual Wield"],"picked":"Iron Wave","floor":14}],"player_experience":58593,"relics_obtained":[{"floor":7.0,"key":"MealTicket"},{"floor":9.0,"key":"Bag of Preparation"},{"floor":10.0,"key":"Blood Vial"},{"floor":12.0,"key":"Lantern"}],"event_choices":[{"damage_healed":20.0,"max_hp_gain":0.0,"max_hp_loss":0.0,"gold_gain":0.0,"event_name":"The Cleric","player_choice":"Healed","floor":5.0,"gold_loss":35.0,"damage_taken":0.0}],"is_beta":false,"boss_relics":[],"items_purged_floors":[],"is_endless":false,"potions_floor_spawned":[1,4,12,13],"killed_by":"The Guardian","ascension_level":20}