{"gold_per_floor":[116,41,55,69,83,83,112,112,112,133,133,133,166,181,181,257,257,233,251,92,92,92,92,92],"floor_reached":24,"playtime":1282,"items_purged":["Strike_R"],"score":408,"play_id":"c3ebe09e-3195-4542-a40b-48ce9f53d568","local_time":"20230817224625","is_ascension_mode":true,"campfire_choices":[{"data":"Bludgeon","floor":6.0,"key":"SMITH"},{"data":"Seeing Red","floor":8.0,"key":"SMITH"},{"data":"Burning Pact","floor":11.0,"key":"SMITH"},{"floor":15.0,"key":"REST"},{"data":"Flame Barrier","floor":23,"key":"SMITH"}],"neow_cost":"PERCENT_DAMAGE","seed_source_timestamp":0,"circlet_count":0,"master_deck":["AscendersBane","Strike_R","Strike_R","Strike_R","Defend_R","Defend_R","Defend_R","Defend_R","Bash","Bludgeon+1","Burning Pact+1","Seeing Red+1","Combust","Flame Barrier+1","Shockwave","Offering","Shrug It Off","Dark Embrace","Decay"],"special_seed":0,"relics":["Burning Blood","Bottled Lightning","Odd Mushroom","Question Card","Anchor","Coffee Dripper"],"potions_floor_usage":[24],"damage_taken":[{"damage":6.0,"enemies":"2 Louse","floor":1.0,"turns":3.0},{"damage":10.0,"enemies":"Small Slimes","floor":3.0,"turns":3.0},{"damage":14.0,"enemies":"Jaw Worm","floor":4.0,"turns":4.0},{"damage":3.0,"enemies":"Blue Slaver","floor":5.0,"turns":2.0},{"damage":15.0,"enemies":"Lagavulin","floor":7.0,"turns":5.0},{"damage":15.0,"enemies":"The Mushroom Lair","floor":10.0,"turns":4.0},{"damage":15.0,"enemies":"3 Sentries","floor":13.0,"turns":6.0},{"damage":0.0,"enemies":"Looter","floor":14.0,"turns":1.0},{"damage":39.0,"enemies":"The Guardian","floor":16.0,"turns":17.0},{"damage":23,"enemies":"2 Thieves","floor":18,"turns":4},{"damage":33,"enemies":"Spheric Guardian","floor":19,"turns":4},{"damage":29,"enemies":"Snake Plant","floor":24,"turns":3}],"seed_played":"-8463310304922976209","potions_obtained":[{"floor":1.0,"key":"GamblersBrew"},{"floor":5.0,"key":"SteroidPotion"},{"floor":10.0,"key":"Weak Potion"},{"floor":19,"key":"Regen Potion"}],"is_trial":false,"path_per_floor":["M","?","M","M","M","R","E","R","T","?","R","T","E","M","R","B",null,"M","M","$","?","?","R","M"],"character_chosen":"IRONCLAD","basemod:card_modifiers":[null,null,null,null,null,null,null,null,null,null,null,null,null,null,null,null,null,null,null],"items_purchased":["Dark Embrace"],"campfire_rested":1,"item_purchase_floors":[20],"current_hp_per_floor":[50,50,46,38,41,41,32,32,32,23,23,23,14,20,42,9,59,42,15,15,15,15,15,0],"gold":92,"neow_bonus":"THREE_RARE_CARDS","is_prod":false,"is_daily":false,"chose_seed":false,"campfire_upgraded":4,"win_rate":0,"timestamp":1692326785,"path_taken":["M","?","M","M","M","R","E","R","T","?","R","?","E","M","R","BOSS","BOSS","M","M","$","?","?","R","?"],"build_version":"2022-12-01","purchased_purges":1,"victory":false,"max_hp_per_floor":[75,75,75,75,75,75,75,75,75,75,75,75,75,75,75,75,75,75,75,75,75,75,75,75],"card_choices":[{"not_picked":["Berserk","Juggernaut"],"picked":"Bludgeon","floor":0.0},{"not_picked":["Heavy Blade","Uppercut"],"picked":"Burning Pact","floor":1.0},{"not_picked":["Cleave","Iron Wave"],"picked":"Seeing Red","floor":3.0},{"not_picked":["Sword Boomerang","Thunderclap"],"picked":"Combust","floor":4.0},{"not_picked":["Heavy Blade","Clash"],"picked":"Flame Barrier","floor":5.0},{"not_picked":["Power Through","Flex","Reckless Charge"],"picked":"SKIP","floor":7.0},{"not_picked":["Carnage","Fire Breathing","Twin Strike"],"picked":"Shockwave","floor":13.0},{"not_picked":["Dual Wield","Sever Soul","Havoc","Iron Wave"],"picked":"SKIP","floor":14.0},{"not_picked":["Barricade","Limit Break","Juggernaut"],"picked":"Offering","floor":16},{"not_picked":["Heavy Blade","Havoc","Sentinel","Armaments"],"picked":"SKIP","floor":18},{"not_picked":["Wild Strike","Disarm","Burning Pact"],"picked":"Shrug It Off","floor":19}],"player_experience":61288,"relics_obtained":[{"floor":7.0,"key":"Bottled Lightning"},{"floor":10.0,"key":"Odd Mushroom"},{"floor":12.0,"key":"Question Card"},{"floor":13.0,"key":"Anchor"}],"event_choices":[{"cards_removed":["Strike_R"],"damage_healed":0.0,"max_hp_gain":0.0,"max_hp_loss":0.0,"gold_gain":0.0,"event_name":"The Cleric","player_choice":"Card Removal","floor":2.0,"gold_loss":75.0,"damage_taken":0.0},{"damage_healed":0.0,"max_hp_gain":0.0,"max_hp_loss":0.0,"gold_gain":0.0,"event_name":"Mushrooms","player_choice":"Fought Mushrooms","floor":10.0,"gold_loss":0.0,"damage_taken":0.0},{"damage_healed":0,"gold_gain":0,"player_choice":"Ignored","damage_taken":0,"max_hp_gain":0,"max_hp_loss":0,"event_name":"The Mausoleum","floor":21,"gold_loss":0},{"damage_healed":0,"gold_gain":0,"player_choice":"Smashed Altar","damage_taken":0,"max_hp_gain":0,"max_hp_loss":0,"event_name":"Forgotten Altar","floor":22,"gold_loss":0,"cards_obtained":["Decay"]}],"is_beta":false,"boss_relics":[{"not_picked":["Runic Cube","Snecko Eye"],"picked":"Coffee Dripper"}],"items_purged_floors":[20],"is_endless":false,"potions_floor_spawned":[1,5,10,19],"killed_by":"Snake Plant","ascension_level":20}