{"gold_per_floor":[119,119,119,130,143,143,172,172,199,199,212,246,246,289,289,385,385,408,145,161,179,179,179],"floor_reached":23,"playtime":1172,"items_purged":["Strike_R"],"score":418,"play_id":"e1b6104d-2166-4624-8009-ce5c6927dadc","local_time":"20230820002912","is_ascension_mode":true,"campfire_choices":[{"data":"Inflame","floor":6,"key":"SMITH"},{"data":"Twin Strike","floor":8,"key":"SMITH"},{"data":"Fire Breathing","floor":10,"key":"SMITH"},{"data":"Sever Soul","floor":15,"key":"SMITH"}],"neow_cost":"NONE","seed_source_timestamp":17661245188709,"circlet_count":0,"master_deck":["AscendersBane","Strike_R","Strike_R+1","Strike_R","Strike_R","Defend_R","Defend_R","Defend_R","Defend_R","Bash+1","Twin Strike+1","Inflame+1","Fire Breathing+1","Evolve","Pummel","Sever Soul+1","Impervious","Cleave","Clothesline","Reckless Charge"],"relics":["Burning Blood","Bag of Marbles","Regal Pillow","Toy Ornithopter","Nunchaku","Golden Idol","Strawberry","Fusion Hammer","OrangePellets"],"potions_floor_usage":[16,23],"damage_taken":[{"damage":7,"enemies":"Jaw Worm","floor":1,"turns":3},{"damage":0,"enemies":"Small Slimes","floor":4,"turns":2},{"damage":2,"enemies":"2 Louse","floor":5,"turns":2},{"damage":8,"enemies":"Gremlin Nob","floor":7,"turns":3},{"damage":12,"enemies":"Large Slime","floor":11,"turns":2},{"damage":33,"enemies":"3 Sentries","floor":12,"turns":4},{"damage":8,"enemies":"Gremlin Nob","floor":14,"turns":3},{"damage":27,"enemies":"Hexaghost","floor":16,"turns":6},{"damage":25,"enemies":"2 Thieves","floor":18,"turns":4},{"damage":25,"enemies":"Spheric Guardian","floor":20,"turns":4},{"damage":19,"enemies":"Snake Plant","floor":21,"turns":4},{"damage":58,"enemies":"Gremlin Leader","floor":23,"turns":6}],"seed_played":"-8083984562490407139","potions_obtained":[{"floor":5,"key":"FairyPotion"},{"floor":7,"key":"Ancient Potion"},{"floor":11,"key":"DuplicationPotion"},{"floor":21,"key":"Block Potion"}],"is_trial":false,"path_per_floor":["M","?","?","M","M","R","E","R","T","R","M","E","?","E","R","B",null,"M","$","M","M","?","E"],"character_chosen":"IRONCLAD","basemod:card_modifiers":[null,null,null,null,null,null,null,null,null,null,null,null,null,null,null,null,null,null,null,null],"items_purchased":["OrangePellets","Cleave"],"campfire_rested":0,"item_purchase_floors":[19,19],"current_hp_per_floor":[67,67,44,50,54,54,52,52,52,52,46,19,19,24,24,8,58,39,39,20,7,7,0],"gold":179,"neow_bonus":"RANDOM_COMMON_RELIC","is_prod":false,"is_daily":false,"chose_seed":false,"campfire_upgraded":4,"win_rate":0,"timestamp":1692505752,"path_taken":["M","?","?","M","M","R","E","R","T","R","M","E","?","E","R","BOSS","M","$","M","M","?","E"],"build_version":"2022-12-01","purchased_purges":1,"victory":false,"max_hp_per_floor":[75,75,75,75,75,75,75,75,75,75,75,75,68,75,75,75,75,75,75,75,75,75,75],"card_choices":[{"not_picked":["Seeing Red","Second Wind"],"picked":"Twin Strike","floor":1},{"not_picked":["Dual Wield","Uppercut"],"picked":"Inflame","floor":4},{"not_picked":["Wild Strike","Burning Pact"],"picked":"Fire Breathing","floor":5},{"not_picked":["Perfected Strike","Thunderclap"],"picked":"Evolve","floor":7},{"not_picked":["Heavy Blade","Searing Blow"],"picked":"Pummel","floor":11},{"not_picked":["Clash","Sword Boomerang"],"picked":"Sever Soul","floor":12},{"not_picked":["Clothesline","Blood for Blood","Flex"],"picked":"SKIP","floor":14},{"not_picked":["Bludgeon","Double Tap"],"picked":"Impervious","floor":16},{"not_picked":["Anger","Body Slam","Hemokinesis+1"],"picked":"SKIP","floor":18},{"not_picked":["Clothesline","Rupture","Rampage"],"picked":"SKIP","floor":20},{"not_picked":["Rupture","Rampage"],"picked":"Clothesline","floor":20},{"not_picked":["Iron Wave","Fire Breathing"],"picked":"Reckless Charge","floor":21}],"player_experience":25554,"relics_obtained":[{"floor":7,"key":"Regal Pillow"},{"floor":9,"key":"Toy Ornithopter"},{"floor":12,"key":"Nunchaku"},{"floor":14,"key":"Strawberry"}],"event_choices":[{"damage_healed":0,"gold_gain":0,"player_choice":"Ignored","damage_taken":0,"max_hp_gain":0,"max_hp_loss":0,"event_name":"Liars Game","floor":2,"gold_loss":0},{"damage_healed":0,"gold_gain":0,"player_choice":"Entered Light","damage_taken":23,"max_hp_gain":0,"max_hp_loss":0,"event_name":"Shining Light","floor":3,"gold_loss":0,"cards_upgraded":["Bash","Strike_R"]},{"damage_healed":0,"gold_gain":0,"player_choice":"Lose Max HP","damage_taken":0,"relics_obtained":["Golden Idol"],"max_hp_gain":0,"max_hp_loss":7,"event_name":"Golden Idol","floor":13,"gold_loss":0},{"damage_healed":0,"gold_gain":0,"player_choice":"Ignored","damage_taken":0,"max_hp_gain":0,"max_hp_loss":0,"event_name":"Cursed Tome","floor":22,"gold_loss":0}],"is_beta":false,"boss_relics":[{"not_picked":["Cursed Key","Empty Cage"],"picked":"Fusion Hammer"}],"items_purged_floors":[19],"is_endless":false,"potions_floor_spawned":[5,7,11,12,21],"killed_by":"Gremlin Leader","ascension_level":20}