{"gold_per_floor":[219,237,252,252,20,20,60,81,131,210,234,234,55,98,98,98],"floor_reached":16,"playtime":1281,"items_purged":["Strike_R"],"score":220,"play_id":"d0640d84-8335-4cb0-b63f-9d8248871a65","local_time":"20230820000927","is_ascension_mode":true,"campfire_choices":[{"data":"Bludgeon","floor":6,"key":"SMITH"},{"data":"Bash","floor":12,"key":"SMITH"},{"data":"Apotheosis","floor":15,"key":"SMITH"}],"neow_cost":"NONE","seed_source_timestamp":16367206331042,"circlet_count":0,"master_deck":["AscendersBane","Strike_R","Strike_R","Strike_R","Strike_R","Defend_R","Defend_R","Defend_R","Defend_R","Bash+1","Headbutt","Pummel","Bludgeon+1","Anger","Evolve","Reaper","Apotheosis+1","Brutality"],"relics":["Burning Blood","Golden Idol","Gremlin Horn","PreservedInsect","Mercury Hourglass","Art of War"],"potions_floor_usage":[8],"damage_taken":[{"damage":12,"enemies":"Cultist","floor":1,"turns":4},{"damage":7,"enemies":"Jaw Worm","floor":2,"turns":3},{"damage":4,"enemies":"Small Slimes","floor":3,"turns":3},{"damage":30,"enemies":"3 Sentries","floor":7,"turns":7},{"damage":0,"enemies":"Exordium Wildlife","floor":8,"turns":2},{"damage":0,"enemies":"Looter","floor":11,"turns":1},{"damage":8,"enemies":"Gremlin Nob","floor":14,"turns":3},{"damage":23,"enemies":"Hexaghost","floor":16,"turns":5}],"seed_played":"-5149938233844180272","potions_obtained":[{"floor":3,"key":"ElixirPotion"},{"floor":7,"key":"SteroidPotion"},{"floor":8,"key":"BloodPotion"}],"is_trial":false,"path_per_floor":["M","M","M","?","$","R","E","M","T","T","M","R","$","E","R","B"],"character_chosen":"IRONCLAD","basemod:card_modifiers":[null,null,null,null,null,null,null,null,null,null,null,null,null,null,null,null,null,null],"items_purchased":["Bludgeon","Apotheosis"],"campfire_rested":0,"item_purchase_floors":[5,13],"current_hp_per_floor":[62,61,63,37,37,37,13,19,19,19,25,25,25,23,23,0],"gold":98,"neow_bonus":"HUNDRED_GOLD","is_prod":false,"is_daily":false,"chose_seed":false,"campfire_upgraded":3,"win_rate":0,"timestamp":1692504567,"path_taken":["M","M","M","?","$","R","E","M","T","?","M","R","$","E","R","BOSS"],"build_version":"2022-12-01","purchased_purges":1,"victory":false,"max_hp_per_floor":[75,75,75,75,75,75,75,75,75,75,75,75,75,75,75,75],"card_choices":[{"not_picked":["Havoc","Clash"],"picked":"Headbutt","floor":1},{"not_picked":["Clash","True Grit"],"picked":"Pummel","floor":2},{"not_picked":["Havoc","Clash","Thunderclap"],"picked":"SKIP","floor":3},{"not_picked":["Havoc","Clash"],"picked":"Anger","floor":7},{"not_picked":["Clash","Pummel"],"picked":"Evolve","floor":8},{"not_picked":["Hemokinesis","Havoc"],"picked":"Reaper","floor":11},{"not_picked":["Flex","Blood for Blood"],"picked":"Brutality","floor":14}],"player_experience":24273,"relics_obtained":[{"floor":7,"key":"Gremlin Horn"},{"floor":9,"key":"PreservedInsect"},{"floor":10,"key":"Mercury Hourglass"},{"floor":14,"key":"Art of War"}],"event_choices":[{"damage_healed":0,"gold_gain":0,"player_choice":"Take Damage","damage_taken":26,"relics_obtained":["Golden Idol"],"max_hp_gain":0,"max_hp_loss":0,"event_name":"Golden Idol","floor":4,"gold_loss":0}],"is_beta":false,"boss_relics":[],"items_purged_floors":[5],"is_endless":false,"potions_floor_spawned":[3,7,8,14],"killed_by":"Hexaghost","ascension_level":20}