{"gold_per_floor":[115,40,52,70,70,70,103,103,103,121,134,134,148,175,175,175],"floor_reached":16,"playtime":905,"items_purged":["Strike_R"],"score":224,"play_id":"f6512710-b327-4a88-851a-49e442bcfac8","local_time":"20230818114551","is_ascension_mode":true,"campfire_choices":[{"data":"Perfected Strike","floor":6.0,"key":"SMITH"},{"data":"Armaments","floor":8.0,"key":"SMITH"},{"data":"Rampage","floor":12.0,"key":"SMITH"},{"floor":15,"key":"REST"}],"neow_cost":"NONE","seed_source_timestamp":143452563551500,"circlet_count":0,"master_deck":["AscendersBane","Strike_R","Strike_R","Strike_R","Strike_R","Defend_R","Defend_R","Defend_R","Bash","Rampage+1","Armaments+1","Perfected Strike+1","Thunderclap","Evolve","Burning Pact"],"special_seed":0,"relics":["Burning Blood","MealTicket","Letter Opener","Sundial","Pocketwatch"],"potions_floor_usage":[13,14],"damage_taken":[{"damage":12.0,"enemies":"Cultist","floor":1.0,"turns":4.0},{"damage":8.0,"enemies":"2 Louse","floor":3.0,"turns":3.0},{"damage":6.0,"enemies":"Jaw Worm","floor":4.0,"turns":4.0},{"damage":30.0,"enemies":"Lagavulin","floor":7.0,"turns":6.0},{"damage":8.0,"enemies":"Blue Slaver","floor":10.0,"turns":3.0},{"damage":13.0,"enemies":"Red Slaver","floor":11.0,"turns":3.0},{"damage":31,"enemies":"Exordium Wildlife","floor":13,"turns":3},{"damage":22,"enemies":"3 Sentries","floor":14,"turns":6},{"damage":45,"enemies":"Slime Boss","floor":16,"turns":6}],"seed_played":"-4819102585017188689","potions_obtained":[{"floor":1.0,"key":"Strength Potion"},{"floor":7.0,"key":"Explosive Potion"},{"floor":10.0,"key":"FairyPotion"},{"floor":13,"key":"AttackPotion"}],"is_trial":false,"path_per_floor":["M","$","M","M","?","R","E","R","T","M","M","R","M","E","R","B"],"character_chosen":"IRONCLAD","basemod:card_modifiers":[null,null,null,null,null,null,null,null,null,null,null,null,null,null,null],"items_purchased":[],"campfire_rested":1,"item_purchase_floors":[],"current_hp_per_floor":[62,75,73,73,73,73,49,49,49,47,40,40,15,21,43,0],"gold":175,"neow_bonus":"RANDOM_COMMON_RELIC","is_prod":false,"is_daily":false,"chose_seed":false,"campfire_upgraded":3,"win_rate":1,"timestamp":1692373551,"path_taken":["M","$","M","M","?","R","E","R","T","M","M","R","M","E","R","BOSS"],"build_version":"2022-12-01","purchased_purges":1,"victory":false,"max_hp_per_floor":[75,75,75,75,75,75,75,75,75,75,75,75,75,75,75,75],"card_choices":[{"not_picked":["Spot Weakness","Entrench"],"picked":"Rampage","floor":1.0},{"not_picked":["Metallicize","Iron Wave"],"picked":"Armaments","floor":3.0},{"not_picked":["Bloodletting","Clothesline"],"picked":"Perfected Strike","floor":4.0},{"not_picked":["Dark Embrace","Entrench"],"picked":"Thunderclap","floor":7.0},{"not_picked":["Dark Embrace","Sword Boomerang","Dual Wield"],"picked":"SKIP","floor":10.0},{"not_picked":["Entrench","Intimidate","Warcry"],"picked":"SKIP","floor":11.0},{"not_picked":["Uppercut","Armaments"],"picked":"Evolve","floor":13},{"not_picked":["Anger","Dual Wield"],"picked":"Burning Pact","floor":14}],"player_experience":11805,"relics_obtained":[{"floor":7.0,"key":"Letter Opener"},{"floor":9.0,"key":"Sundial"},{"floor":14,"key":"Pocketwatch"}],"event_choices":[{"cards_removed":["Defend_R"],"damage_healed":0.0,"max_hp_gain":0.0,"max_hp_loss":0.0,"gold_gain":0.0,"event_name":"Living Wall","player_choice":"Forget","floor":5.0,"gold_loss":0.0,"damage_taken":0.0}],"is_beta":false,"boss_relics":[],"items_purged_floors":[2],"is_endless":false,"potions_floor_spawned":[1,7,10,11,13],"killed_by":"Slime Boss","ascension_level":20}