{"gold_per_floor":[116,131,144,161,161,161,188,188,264,291,309,309,328,358,358,431,431,450,450,500,514,544,544,573,573,599,84,84,116,142,142,142,142],"floor_reached":33,"playtime":1722,"items_purged":["Strike_R"],"score":632,"play_id":"15de1100-5927-427e-b88f-8fd070c83774","local_time":"20230825182802","is_ascension_mode":true,"campfire_choices":[{"data":"Inflame","floor":6.0,"key":"SMITH"},{"floor":8.0,"key":"REST"},{"data":"Shockwave","floor":15.0,"key":"SMITH"},{"floor":23.0,"key":"REST"},{"floor":28,"key":"REST"},{"data":"Second Wind","floor":32,"key":"SMITH"}],"neow_cost":"NONE","seed_source_timestamp":107508837400792,"circlet_count":0,"master_deck":["AscendersBane","Strike_R","Strike_R","Strike_R","Defend_R","Defend_R","Defend_R","Defend_R","Bash","Shockwave+1","Cleave","Inflame+1","Hemokinesis+1","Whirlwind+1","Sword Boomerang+1","Impervious","Necronomicurse","Dark Embrace","Second Wind+1","Decay"],"special_seed":0,"relics":["Sozu","Gambling Chip","Molten Egg 2","Vajra","Odd Mushroom","Black Star","Necronomicon","Red Mask","Question Card","Darkstone Periapt","Art of War","Sling","Sundial","Peace Pipe","Ancient Tea Set","Oddly Smooth Stone"],"potions_floor_usage":[],"damage_taken":[{"damage":7.0,"enemies":"Small Slimes","floor":1.0,"turns":4.0},{"damage":0.0,"enemies":"Jaw Worm","floor":2.0,"turns":3.0},{"damage":4.0,"enemies":"2 Louse","floor":3.0,"turns":3.0},{"damage":7.0,"enemies":"Looter","floor":4.0,"turns":3.0},{"damage":20.0,"enemies":"Gremlin Nob","floor":7.0,"turns":4.0},{"damage":10.0,"enemies":"Lagavulin","floor":10.0,"turns":4.0},{"damage":2.0,"enemies":"Large Slime","floor":11.0,"turns":3.0},{"damage":0.0,"enemies":"2 Fungi Beasts","floor":13.0,"turns":2.0},{"damage":7.0,"enemies":"The Mushroom Lair","floor":14.0,"turns":2.0},{"damage":16.0,"enemies":"Hexaghost","floor":16.0,"turns":6.0},{"damage":0.0,"enemies":"Chosen","floor":18.0,"turns":2.0},{"damage":0.0,"enemies":"3 Byrds","floor":21.0,"turns":1.0},{"damage":12.0,"enemies":"Masked Bandits","floor":22.0,"turns":2.0},{"damage":19.0,"enemies":"Slavers","floor":24.0,"turns":3.0},{"damage":2,"enemies":"Gremlin Leader","floor":29,"turns":3},{"damage":57,"enemies":"Automaton","floor":33,"turns":6}],"seed_played":"6633811779326542279","potions_obtained":[],"is_trial":false,"path_per_floor":["M","M","M","M","?","R","E","R","T","E","M","?","M","?","R","B",null,"M","?","?","M","?","R","E","?","T","$","R","E","T","?","R","B"],"character_chosen":"IRONCLAD","basemod:card_modifiers":[null,null,null,null,null,null,null,null,null,null,null,null,null,null,null,null,null,null,null,null],"items_purchased":["Sling","Sundial"],"campfire_rested":3,"item_purchase_floors":[27,27],"current_hp_per_floor":[61,61,57,50,50,50,30,52,52,42,40,33,33,26,26,10,59,59,38,38,38,26,48,29,35,35,35,59,57,57,57,57,0],"gold":142,"neow_bonus":"BOSS_RELIC","is_prod":false,"is_daily":false,"chose_seed":false,"campfire_upgraded":3,"win_rate":0,"timestamp":1693002482,"path_taken":["M","M","M","M","?","R","E","R","T","E","M","?","M","?","R","BOSS","M","?","?","M","?","R","E","?","T","$","R","E","?","?","R","BOSS"],"build_version":"2022-12-01","purchased_purges":1,"victory":false,"max_hp_per_floor":[75,75,75,75,75,75,75,75,75,75,75,75,75,75,75,75,75,75,75,75,75,75,75,75,81,81,81,81,81,81,81,81,81],"card_choices":[{"not_picked":["Iron Wave","Headbutt"],"picked":"Shockwave","floor":1.0},{"not_picked":["Burning Pact","Flex"],"picked":"Cleave","floor":2.0},{"not_picked":["Shrug It Off","Demon Form"],"picked":"Inflame","floor":3.0},{"not_picked":["Heavy Blade","Armaments","Thunderclap"],"picked":"SKIP","floor":4.0},{"not_picked":["Entrench","Iron Wave","Reckless Charge"],"picked":"SKIP","floor":7.0},{"not_picked":["Perfected Strike+1","Entrench"],"picked":"Hemokinesis+1","floor":10.0},{"not_picked":["Thunderclap+1","Headbutt+1"],"picked":"Whirlwind+1","floor":11.0},{"not_picked":["Headbutt+1","Thunderclap+1","Rupture"],"picked":"SKIP","floor":13.0},{"not_picked":["Infernal Blade","Entrench"],"picked":"Sword Boomerang+1","floor":14.0},{"not_picked":["Reaper+1","Fiend Fire+1"],"picked":"Impervious","floor":16.0},{"not_picked":["Sword Boomerang+1","Dual Wield","Anger+1"],"picked":"SKIP","floor":18.0},{"not_picked":["Armaments","Reckless Charge+1","Hemokinesis+1"],"picked":"SKIP","floor":21.0},{"not_picked":["Ghostly Armor","Iron Wave+1"],"picked":"Dark Embrace","floor":22.0},{"not_picked":["Pommel Strike+1","Heavy Blade+1"],"picked":"Second Wind","floor":24},{"not_picked":["Heavy Blade+1","Headbutt+1","Clash+1","Combust"],"picked":"SKIP","floor":29}],"player_experience":89849,"relics_obtained":[{"floor":7.0,"key":"Gambling Chip"},{"floor":9.0,"key":"Molten Egg 2"},{"floor":10.0,"key":"Vajra"},{"floor":14.0,"key":"Odd Mushroom"},{"floor":19.0,"key":"Necronomicon"},{"floor":22.0,"key":"Red Mask"},{"floor":24,"key":"Question Card"},{"floor":24,"key":"Darkstone Periapt"},{"floor":26,"key":"Art of War"},{"floor":29,"key":"Peace Pipe"},{"floor":29,"key":"Ancient Tea Set"},{"floor":30,"key":"Oddly Smooth Stone"}],"event_choices":[{"damage_healed":0.0,"max_hp_gain":0.0,"max_hp_loss":0.0,"gold_gain":0.0,"event_name":"Liars Game","player_choice":"Ignored","floor":5.0,"gold_loss":0.0,"damage_taken":0.0},{"cards_removed":["Strike_R"],"damage_healed":0.0,"max_hp_gain":0.0,"max_hp_loss":0.0,"gold_gain":0.0,"event_name":"Golden Wing","player_choice":"Card Removal","floor":12.0,"gold_loss":0.0,"damage_taken":7.0},{"damage_healed":0.0,"max_hp_gain":0.0,"max_hp_loss":0.0,"gold_gain":0.0,"event_name":"Mushrooms","player_choice":"Fought Mushrooms","floor":14.0,"gold_loss":0.0,"damage_taken":0.0},{"damage_healed":0.0,"max_hp_gain":0.0,"max_hp_loss":0.0,"gold_gain":0.0,"event_name":"Cursed Tome","player_choice":"Obtained Book","floor":19.0,"gold_loss":0.0,"damage_taken":21.0},{"damage_healed":0.0,"max_hp_gain":0.0,"max_hp_loss":0.0,"gold_gain":50.0,"event_name":"Nest","player_choice":"Stole From Cult","floor":20.0,"gold_loss":0.0,"damage_taken":0.0},{"damage_healed":0.0,"max_hp_gain":0.0,"max_hp_loss":0.0,"gold_gain":0.0,"event_name":"Masked Bandits","player_choice":"Fought Bandits","floor":22.0,"gold_loss":0.0,"damage_taken":0.0},{"damage_healed":0,"gold_gain":0,"player_choice":"Smashed Altar","damage_taken":0,"max_hp_gain":0,"max_hp_loss":0,"event_name":"Forgotten Altar","floor":25,"gold_loss":0,"cards_obtained":["Decay"]},{"damage_healed":0,"gold_gain":0,"player_choice":"Ignored","damage_taken":0,"max_hp_gain":0,"max_hp_loss":0,"event_name":"Vampires","floor":31,"gold_loss":0}],"is_beta":false,"boss_relics":[{"not_picked":["Philosopher\u0027s Stone","Pandora\u0027s Box"],"picked":"Black Star"}],"items_purged_floors":[27],"is_endless":false,"potions_floor_spawned":[1,10,11,14,18,21],"killed_by":"Automaton","ascension_level":20}