{"gold_per_floor":[115,134,151,169,169,169,186,221,298,298,278,43,63,91,91,165,165,178,194,245,245],"floor_reached":21,"playtime":1965,"items_purged":["Strike_R"],"score":382,"play_id":"6395046b-8fdc-4e1d-9d33-bacdf7dbca6a","local_time":"20230826003717","is_ascension_mode":true,"campfire_choices":[{"data":"Cleave","floor":6,"key":"SMITH"},{"data":"Clothesline","floor":10,"key":"SMITH"},{"data":"Bash","floor":15,"key":"SMITH"}],"neow_cost":"NONE","seed_source_timestamp":123893168278166,"circlet_count":0,"master_deck":["AscendersBane","Strike_R","Strike_R","Strike_R","Defend_R","Defend_R","Defend_R","Defend_R","Bash+1","Cleave+1","Clothesline+1","Reckless Charge","Immolate+1","Burning Pact","Exhume","Headbutt+1"],"relics":["Burning Blood","Centennial Puzzle","Molten Egg 2","Matryoshka","Torii","Runic Pyramid","Toy Ornithopter","Regal Pillow"],"potions_floor_usage":[4,4,8,14,16],"damage_taken":[{"damage":6,"enemies":"2 Louse","floor":1,"turns":2},{"damage":9,"enemies":"Jaw Worm","floor":2,"turns":3},{"damage":1,"enemies":"Cultist","floor":3,"turns":3},{"damage":10,"enemies":"Red Slaver","floor":4,"turns":4},{"damage":6,"enemies":"2 Fungi Beasts","floor":7,"turns":3},{"damage":30,"enemies":"Lagavulin","floor":8,"turns":7},{"damage":0,"enemies":"Large Slime","floor":13,"turns":4},{"damage":15,"enemies":"3 Sentries","floor":14,"turns":3},{"damage":36,"enemies":"The Guardian","floor":16,"turns":17},{"damage":16,"enemies":"Chosen","floor":18,"turns":5},{"damage":23,"enemies":"Spheric Guardian","floor":19,"turns":4},{"damage":24,"enemies":"Cultist and Chosen","floor":21,"turns":5}],"seed_played":"4019317523133982048","potions_obtained":[{"floor":2,"key":"EntropicBrew"},{"floor":4,"key":"ColorlessPotion"},{"floor":8,"key":"Block Potion"},{"floor":19,"key":"SteroidPotion"}],"is_trial":false,"path_per_floor":["M","M","M","M","?","R","M","E","T","R","?","$","M","E","R","B",null,"M","M","T","M"],"character_chosen":"IRONCLAD","basemod:card_modifiers":[null,null,null,null,null,null,null,null,null,null,null,null,null,null,null,null],"items_purchased":["Immolate+1"],"campfire_rested":0,"item_purchase_floors":[12],"current_hp_per_floor":[68,65,70,66,66,66,66,42,42,42,42,42,48,39,39,9,59,49,32,32,8],"gold":245,"neow_bonus":"RANDOM_COMMON_RELIC","is_prod":false,"is_daily":false,"chose_seed":false,"campfire_upgraded":3,"win_rate":0,"timestamp":1693024637,"path_taken":["M","M","M","M","?","R","M","E","T","R","?","$","?","E","R","BOSS","M","M","?","M"],"build_version":"2022-12-01","purchased_purges":1,"victory":false,"max_hp_per_floor":[75,75,75,75,75,75,75,75,75,75,75,75,75,75,75,75,75,75,75,75,75],"card_choices":[{"not_picked":["Sword Boomerang","Fire Breathing"],"picked":"Cleave","floor":1},{"not_picked":["Headbutt","Blood for Blood"],"picked":"Clothesline","floor":2},{"not_picked":["Searing Blow","Pummel","Clothesline"],"picked":"SKIP","floor":3},{"not_picked":["Heavy Blade","Dark Embrace","Clash"],"picked":"SKIP","floor":4},{"not_picked":["Havoc","Pummel"],"picked":"Reckless Charge","floor":7},{"not_picked":["Cleave+1","Wild Strike+1","Heavy Blade+1"],"picked":"SKIP","floor":8},{"not_picked":["Whirlwind+1","Clash+1"],"picked":"Burning Pact","floor":13},{"not_picked":["Fire Breathing","Headbutt+1","Blood for Blood+1"],"picked":"SKIP","floor":14},{"not_picked":["Barricade","Juggernaut"],"picked":"Exhume","floor":16},{"not_picked":["Fire Breathing","Thunderclap+1"],"picked":"Headbutt+1","floor":18},{"not_picked":["Headbutt+1","Iron Wave+1","Havoc"],"picked":"SKIP","floor":19}],"player_experience":98696,"relics_obtained":[{"floor":8,"key":"Molten Egg 2"},{"floor":9,"key":"Matryoshka"},{"floor":14,"key":"Torii"},{"floor":20,"key":"Toy Ornithopter"},{"floor":20,"key":"Regal Pillow"}],"event_choices":[{"cards_removed":["Strike_R"],"damage_healed":0,"gold_gain":0,"player_choice":"Forget","damage_taken":0,"max_hp_gain":0,"max_hp_loss":0,"event_name":"Living Wall","floor":5,"gold_loss":0},{"damage_healed":0,"gold_gain":0,"player_choice":"Bought 1 Potion","damage_taken":0,"max_hp_gain":0,"max_hp_loss":0,"event_name":"The Woman in Blue","floor":11,"gold_loss":0}],"is_beta":false,"boss_relics":[{"not_picked":["SacredBark","Mark of Pain"],"picked":"Runic Pyramid"}],"items_purged_floors":[12],"is_endless":false,"potions_floor_spawned":[2,4,8,19],"killed_by":"Cultist and Chosen","ascension_level":20}