{"gold_per_floor":[115,40,50,69,79,79,112,112,112,112,112,142,142,158,158,229,229,241,258,270,185,185,210,210,210,210,210,210,245,262,275,275,351,351,362,411,187,202,77,77,104,115,115,130,86,86,105,122,122,122],"floor_reached":50,"playtime":4050,"items_purged":["Defend_R","Bite"],"score":1094,"play_id":"e3a9b0e4-7a9b-4c4e-b782-7cc621154f12","local_time":"20230830104534","is_ascension_mode":true,"campfire_choices":[{"data":"Cleave","floor":6,"key":"SMITH"},{"data":"Sword Boomerang","floor":11,"key":"SMITH"},{"data":"Bash","floor":13,"key":"SMITH"},{"data":"Rupture","floor":15,"key":"SMITH"},{"floor":24,"key":"REST"},{"data":"Armaments","floor":28,"key":"SMITH"},{"data":"Inflame","floor":32,"key":"SMITH"},{"data":"Burning Pact","floor":40,"key":"SMITH"},{"floor":46,"key":"RECALL"},{"data":"Disarm","floor":49,"key":"SMITH"}],"neow_cost":"NONE","seed_source_timestamp":419476577997083,"circlet_count":0,"master_deck":["AscendersBane","Defend_R","Defend_R","Defend_R+1","Bash+1","Cleave+1","Battle Trance","Shrug It Off+1","Sword Boomerang+1","Armaments+1","Rupture+1","Fire Breathing","Brutality","Headbutt","Seeing Red+1","Rage+1","Bite","Bite","Bite","Bite","Disarm+1","Inflame+1","Fiend Fire","Clothesline+1","Pain","True Grit","PanicButton","Disarm+1","Burning Pact+1","Dark Embrace","Dark Embrace+1","Second Wind","Normality","Body Slam","Evolve","Wild Strike+1"],"relics":["Burning Blood","Akabeko","MealTicket","Self Forming Clay","Incense Burner","Mark of Pain","Oddly Smooth Stone","Tiny Chest","White Beast Statue","War Paint","Cursed Key","Magic Flower","Paper Frog"],"potions_floor_usage":[8,16,18,23,23,30,31,33,35,41,42,44,47,48,50,50],"damage_taken":[{"damage":3,"enemies":"2 Louse","floor":1,"turns":3},{"damage":12,"enemies":"Small Slimes","floor":3,"turns":2},{"damage":12,"enemies":"Jaw Worm","floor":4,"turns":2},{"damage":0,"enemies":"2 Fungi Beasts","floor":5,"turns":3},{"damage":50,"enemies":"Lagavulin","floor":7,"turns":7},{"damage":11,"enemies":"3 Sentries","floor":12,"turns":7},{"damage":0,"enemies":"Large Slime","floor":14,"turns":4},{"damage":29,"enemies":"Hexaghost","floor":16,"turns":8},{"damage":20,"enemies":"Shell Parasite","floor":18,"turns":4},{"damage":2,"enemies":"Spheric Guardian","floor":19,"turns":3},{"damage":27,"enemies":"Snake Plant","floor":20,"turns":4},{"damage":19,"enemies":"Gremlin Leader","floor":23,"turns":5},{"damage":32,"enemies":"Book of Stabbing","floor":29,"turns":5},{"damage":30,"enemies":"Snecko","floor":30,"turns":6},{"damage":2,"enemies":"Chosen and Byrds","floor":31,"turns":5},{"damage":63,"enemies":"Automaton","floor":33,"turns":9},{"damage":22,"enemies":"3 Darklings","floor":35,"turns":5},{"damage":11,"enemies":"Orb Walker","floor":38,"turns":4},{"damage":11,"enemies":"Nemesis","floor":41,"turns":5},{"damage":10,"enemies":"Transient","floor":42,"turns":6},{"damage":22,"enemies":"Maw","floor":44,"turns":7},{"damage":32,"enemies":"3 Darklings","floor":47,"turns":5},{"damage":39,"enemies":"Spire Growth","floor":48,"turns":4},{"damage":47,"enemies":"Awakened One","floor":50,"turns":4}],"seed_played":"7500505087424416906","potions_obtained":[{"floor":1,"key":"BloodPotion"},{"floor":12,"key":"SteroidPotion"},{"floor":14,"key":"ColorlessPotion"},{"floor":18,"key":"Weak Potion"},{"floor":20,"key":"DistilledChaos"},{"floor":23,"key":"DuplicationPotion"},{"floor":29,"key":"Regen Potion"},{"floor":30,"key":"GamblersBrew"},{"floor":31,"key":"LiquidBronze"},{"floor":33,"key":"Fire Potion"},{"floor":35,"key":"Energy Potion"},{"floor":38,"key":"Strength Potion"},{"floor":41,"key":"FearPotion"},{"floor":42,"key":"SkillPotion"},{"floor":44,"key":"BloodPotion"},{"floor":47,"key":"SpeedPotion"},{"floor":48,"key":"Block Potion"}],"is_trial":false,"path_per_floor":["M","$","M","M","M","R","E","?","T","?","R","E","R","M","R","B",null,"M","M","M","?","?","E","R","?","T","?","R","E","M","M","R","B",null,"M","T","$","M","$","R","E","M","T","M","$","R","M","M","R","B"],"character_chosen":"IRONCLAD","basemod:card_modifiers":[null,null,null,null,null,null,null,null,null,null,null,null,null,null,null,null,null,null,null,null,null,null,null,null,null,null,null,null,null,null,null,null,null,null,null,null],"items_purchased":["True Grit","PanicButton","Burning Pact","Dark Embrace","Evolve"],"campfire_rested":1,"item_purchase_floors":[37,37,39,39,45],"current_hp_per_floor":[71,71,65,59,65,65,21,36,36,36,36,31,31,37,37,14,60,46,50,29,29,29,16,38,38,38,38,38,25,32,45,45,9,41,33,33,48,47,52,52,52,52,52,52,52,52,38,34,34,0],"gold":122,"neow_bonus":"RANDOM_COMMON_RELIC","is_prod":false,"is_daily":false,"chose_seed":false,"campfire_upgraded":8,"win_rate":0,"timestamp":1693406734,"path_taken":["M","$","M","M","M","R","E","?","T","?","R","E","R","M","R","BOSS","M","M","M","?","?","E","R","?","T","?","R","E","?","M","R","BOSS","M","?","?","M","$","R","E","M","T","?","?","R","M","M","R","BOSS"],"build_version":"2022-12-01","purchased_purges":2,"victory":false,"max_hp_per_floor":[75,75,75,75,75,75,75,75,75,75,75,75,75,75,75,75,75,75,75,75,75,75,75,75,52,52,52,52,52,52,52,52,52,52,52,52,52,52,52,52,52,52,52,52,52,52,52,52,52,52],"card_choices":[{"not_picked":["Wild Strike","True Grit"],"picked":"Cleave","floor":1},{"not_picked":["Body Slam","Power Through"],"picked":"Battle Trance","floor":3},{"not_picked":["Twin Strike","Reckless Charge"],"picked":"Shrug It Off","floor":4},{"not_picked":["Havoc","Pummel"],"picked":"Sword Boomerang","floor":5},{"not_picked":["Searing Blow","Havoc"],"picked":"Armaments","floor":7},{"not_picked":["Intimidate","Searing Blow"],"picked":"Rupture","floor":12},{"not_picked":["Feed","Twin Strike"],"picked":"Fire Breathing","floor":14},{"not_picked":["Reaper","Exhume"],"picked":"Brutality","floor":16},{"not_picked":["Wild Strike","Pommel Strike","Headbutt"],"picked":"SKIP","floor":18},{"not_picked":["Wild Strike","Pommel Strike"],"picked":"Headbutt","floor":18},{"not_picked":["Wild Strike+1","Shrug It Off"],"picked":"Seeing Red+1","floor":19},{"not_picked":["Wild Strike","Clothesline","Sentinel"],"picked":"SKIP","floor":20},{"not_picked":["Twin Strike","Pummel"],"picked":"Rage+1","floor":23},{"not_picked":["Warcry","Clash+1","Feed"],"picked":"SKIP","floor":29},{"not_picked":["Headbutt+1","Twin Strike"],"picked":"Disarm+1","floor":30},{"not_picked":["Battle Trance+1","Body Slam"],"picked":"Inflame","floor":31},{"not_picked":["Exhume","Corruption"],"picked":"Fiend Fire","floor":33},{"not_picked":["Headbutt","Wild Strike"],"picked":"Clothesline+1","floor":35},{"not_picked":["Iron Wave","Flex"],"picked":"Disarm","floor":38},{"not_picked":["Perfected Strike","Body Slam+1"],"picked":"Dark Embrace+1","floor":41},{"not_picked":["Sword Boomerang","Flex"],"picked":"Second Wind","floor":42},{"not_picked":["Hemokinesis","Armaments+1"],"picked":"Body Slam","floor":44},{"not_picked":["Seeing Red","Thunderclap"],"picked":"Wild Strike+1","floor":47},{"not_picked":["Heavy Blade+1","Rage+1","Second Wind"],"picked":"SKIP","floor":48}],"player_experience":119481,"relics_obtained":[{"floor":7,"key":"MealTicket"},{"floor":9,"key":"Self Forming Clay"},{"floor":12,"key":"Incense Burner"},{"floor":23,"key":"Tiny Chest"},{"floor":26,"key":"White Beast Statue"},{"floor":29,"key":"War Paint"},{"floor":41,"key":"Magic Flower"},{"floor":43,"key":"Paper Frog"}],"event_choices":[{"damage_healed":0,"gold_gain":0,"player_choice":"Fled","damage_taken":0,"max_hp_gain":0,"max_hp_loss":0,"event_name":"Scrap Ooze","floor":8,"gold_loss":0},{"damage_healed":0,"gold_gain":0,"player_choice":"Ignored","damage_taken":0,"max_hp_gain":0,"max_hp_loss":0,"event_name":"Liars Game","floor":10,"gold_loss":0},{"damage_healed":0,"gold_gain":0,"player_choice":"Obtained Relic","damage_taken":0,"relics_obtained":["Oddly Smooth Stone"],"max_hp_gain":0,"max_hp_loss":0,"event_name":"Addict","floor":21,"gold_loss":85},{"damage_healed":0,"gold_gain":0,"player_choice":"Ignored","damage_taken":0,"max_hp_gain":0,"max_hp_loss":0,"event_name":"Cursed Tome","floor":22,"gold_loss":0},{"damage_healed":0,"gold_gain":0,"player_choice":"Became a vampire","damage_taken":0,"max_hp_gain":0,"max_hp_loss":23,"event_name":"Vampires","floor":25,"gold_loss":0,"cards_obtained":["Bite","Bite","Bite","Bite","Bite"]},{"damage_healed":0,"gold_gain":0,"player_choice":"0 cards matched","damage_taken":0,"max_hp_gain":0,"max_hp_loss":0,"event_name":"Match and Keep!","floor":27,"gold_loss":0,"cards_obtained":[]}],"is_beta":false,"boss_relics":[{"not_picked":["Black Star","Black Blood"],"picked":"Mark of Pain"},{"not_picked":["Runic Dome","Calling Bell"],"picked":"Cursed Key"}],"items_purged_floors":[2,37],"is_endless":false,"potions_floor_spawned":[1,12,14,18,20,23,29,30,31,33,35,38,41,42,44,47,48],"killed_by":"Awakened One","ascension_level":20}