{"gold_per_floor":[115,126,138,138,8,8,34,34,34,34,84,100,128,145,145,221,221,232,34,84,94,108,108,128,128,128,128,128],"floor_reached":28,"playtime":1356,"items_purged":["Strike_R","Strike_R"],"score":506,"play_id":"557127b4-f49f-4d57-a1e6-149633f46a31","local_time":"20230825175839","is_ascension_mode":true,"campfire_choices":[{"data":"Searing Blow","floor":6,"key":"SMITH"},{"data":"Searing Blow+1","floor":8,"key":"SMITH"},{"data":"Searing Blow+2","floor":10,"key":"SMITH"},{"data":"Searing Blow+3","floor":15,"key":"SMITH"},{"data":"Bash","floor":23,"key":"SMITH"},{"data":"Searing Blow+4","floor":27,"key":"SMITH"}],"neow_cost":"NONE","seed_source_timestamp":106136656332667,"circlet_count":0,"master_deck":["AscendersBane","Strike_R","Strike_R","Strike_R","Defend_R","Defend_R","Defend_R","Defend_R","Bash+1","Clothesline","Searing Blow+5","Anger","Impervious","Feel No Pain","Headbutt","Brutality","Rupture","Flash of Steel","Disarm"],"relics":["Burning Blood","NeowsBlessing","Paper Frog","Orichalcum","Pear","Cursed Key"],"potions_floor_usage":[12,16,22,28,28],"damage_taken":[{"damage":0,"enemies":"Cultist","floor":1,"turns":1},{"damage":0,"enemies":"2 Louse","floor":2,"turns":2},{"damage":0,"enemies":"Jaw Worm","floor":3,"turns":1},{"damage":25,"enemies":"Lagavulin","floor":7,"turns":7},{"damage":0,"enemies":"Red Slaver","floor":12,"turns":3},{"damage":0,"enemies":"Gremlin Nob","floor":13,"turns":3},{"damage":8,"enemies":"2 Fungi Beasts","floor":14,"turns":3},{"damage":31,"enemies":"Slime Boss","floor":16,"turns":9},{"damage":5,"enemies":"2 Thieves","floor":18,"turns":2},{"damage":11,"enemies":"Shell Parasite","floor":21,"turns":4},{"damage":11,"enemies":"Cultist and Chosen","floor":22,"turns":6},{"damage":1,"enemies":"Centurion and Healer","floor":24,"turns":5},{"damage":85,"enemies":"Slavers","floor":28,"turns":6}],"seed_played":"-2007758899592306236","potions_obtained":[{"floor":7,"key":"EssenceOfSteel"},{"floor":12,"key":"ColorlessPotion"},{"floor":16,"key":"Regen Potion"},{"floor":18,"key":"Dexterity Potion"},{"floor":24,"key":"Swift Potion"}],"is_trial":false,"path_per_floor":["M","M","M","?","$","R","E","R","T","R","?","M","E","M","R","B",null,"M","$","?","M","M","R","M","?","T","R","E"],"character_chosen":"IRONCLAD","basemod:card_modifiers":[null,null,null,null,null,null,null,null,null,null,null,null,null,null,null,null,null,null,null],"items_purchased":["Anger","Flash of Steel"],"campfire_rested":0,"item_purchase_floors":[5,19],"current_hp_per_floor":[74,75,75,64,64,64,45,45,45,45,38,44,60,58,58,33,72,73,73,73,68,78,78,83,83,83,83,0],"gold":128,"neow_bonus":"THREE_ENEMY_KILL","is_prod":false,"is_daily":false,"chose_seed":false,"campfire_upgraded":6,"win_rate":0,"timestamp":1693000719,"path_taken":["M","?","M","?","$","R","E","R","T","R","?","M","E","M","R","BOSS","M","$","?","M","M","R","M","?","T","R","E"],"build_version":"2022-12-01","purchased_purges":2,"victory":false,"max_hp_per_floor":[75,75,75,75,75,75,75,75,75,75,75,75,85,85,85,85,85,85,85,85,85,85,85,85,85,85,85,85],"card_choices":[{"not_picked":["Clash","Body Slam","Warcry"],"picked":"SKIP","floor":1},{"not_picked":["Combust","Clash"],"picked":"Clothesline","floor":2},{"not_picked":["Iron Wave","Havoc"],"picked":"Searing Blow","floor":3},{"not_picked":["Body Slam","Uppercut","Warcry"],"picked":"SKIP","floor":7},{"not_picked":["Wild Strike","Pommel Strike"],"picked":"Impervious","floor":12},{"not_picked":["Hemokinesis","Infernal Blade"],"picked":"Feel No Pain","floor":13},{"not_picked":["Iron Wave","Power Through"],"picked":"Headbutt","floor":14},{"not_picked":["Fiend Fire","Feed"],"picked":"Brutality","floor":16},{"not_picked":["Rampage","Clothesline"],"picked":"Rupture","floor":18},{"not_picked":["True Grit","Twin Strike"],"picked":"Disarm","floor":21},{"not_picked":["Heavy Blade","Spot Weakness","Wild Strike"],"picked":"SKIP","floor":22},{"not_picked":["Blood for Blood","Warcry","Metallicize"],"picked":"SKIP","floor":24}],"player_experience":88493,"relics_obtained":[{"floor":7,"key":"Orichalcum"},{"floor":13,"key":"Pear"}],"event_choices":[{"damage_healed":0,"gold_gain":0,"player_choice":"Success","damage_taken":11,"relics_obtained":["Paper Frog"],"max_hp_gain":0,"max_hp_loss":0,"event_name":"Scrap Ooze","floor":4,"gold_loss":0},{"damage_healed":0,"gold_gain":50,"player_choice":"Touch","damage_taken":7,"max_hp_gain":0,"max_hp_loss":0,"event_name":"FaceTrader","floor":11,"gold_loss":0},{"damage_healed":0,"gold_gain":50,"player_choice":"Stole From Cult","damage_taken":0,"max_hp_gain":0,"max_hp_loss":0,"event_name":"Nest","floor":20,"gold_loss":0},{"damage_healed":0,"gold_gain":0,"player_choice":"Ignored","damage_taken":0,"max_hp_gain":0,"max_hp_loss":0,"event_name":"Ghosts","floor":25,"gold_loss":0}],"is_beta":false,"boss_relics":[{"not_picked":["Runic Cube","Black Blood"],"picked":"Cursed Key"}],"items_purged_floors":[5,19],"is_endless":false,"potions_floor_spawned":[7,12,16,18,24],"killed_by":"Slavers","ascension_level":20}