{"gold_per_floor":[118,118,138,148,164,164,178,210,210,210,210,227,227,152,152,229,229,242,21,21,34,34,59,59,84,84,113,126,126,126,140,140,212,212,232,232,149,149,160,160,176,188,215,215,230,66,66,66,66,66],"floor_reached":50,"playtime":3677,"items_purged":["Strike_R","Strike_R"],"score":1400,"play_id":"d9e61a4b-8301-4e3d-8786-2d64b3a0d4fc","local_time":"20230914233413","is_ascension_mode":true,"campfire_choices":[{"data":"Bash","floor":6,"key":"SMITH"},{"data":"Immolate","floor":11,"key":"SMITH"},{"data":"Disarm","floor":13,"key":"SMITH"},{"data":"Flame Barrier","floor":15,"key":"SMITH"},{"data":"Shockwave","floor":24,"key":"SMITH"},{"data":"Pommel Strike","floor":29,"key":"SMITH"},{"data":"Power Through","floor":32,"key":"SMITH"},{"data":"Madness","floor":40,"key":"SMITH"},{"floor":47,"key":"RECALL"},{"data":"Corruption","floor":49,"key":"SMITH"}],"neow_cost":"NONE","seed_source_timestamp":36149149664000,"circlet_count":0,"master_deck":["AscendersBane","Defend_R","Bash+1","Headbutt","Corruption+1","Pommel Strike+1","Spot Weakness","Sword Boomerang","Immolate+1","Flame Barrier+1","Disarm+1","Barricade","Shockwave+1","Pommel Strike+1","Evolve","Armaments+1","Burning Pact","Power Through+1","Limit Break","Pummel+1","Dark Embrace+1","Sever Soul+1","Second Wind+1","Madness+1","Madness","Dropkick","Offering","Dark Embrace","Burning Pact+1","Body Slam","Shockwave+1","Fire Breathing"],"special_seed":0,"relics":["Coffee Dripper","Bronze Scales","Pocketwatch","Velvet Choker","Membership Card","Incense Burner","Peace Pipe","The Courier","Red Skull","Astrolabe","Orrery","Gambling Chip"],"potions_floor_usage":[8,23,28,33,35,42],"damage_taken":[{"damage":4,"enemies":"Jaw Worm","floor":1,"turns":4},{"damage":9,"enemies":"Small Slimes","floor":3,"turns":4},{"damage":1,"enemies":"Cultist","floor":4,"turns":3},{"damage":4,"enemies":"Red Slaver","floor":5,"turns":2},{"damage":6,"enemies":"Looter","floor":7,"turns":2},{"damage":14,"enemies":"3 Sentries","floor":8,"turns":4},{"damage":4,"enemies":"3 Louse","floor":12,"turns":2},{"damage":16,"enemies":"Hexaghost","floor":16,"turns":6},{"damage":1,"enemies":"3 Byrds","floor":18,"turns":1},{"damage":2,"enemies":"Chosen","floor":21,"turns":5},{"damage":19,"enemies":"Slavers","floor":23,"turns":3},{"damage":0,"enemies":"Gremlin Leader","floor":25,"turns":5},{"damage":0,"enemies":"Book of Stabbing","floor":27,"turns":4},{"damage":13,"enemies":"Shelled Parasite and Fungi","floor":28,"turns":4},{"damage":0,"enemies":"Snecko","floor":31,"turns":5},{"damage":1,"enemies":"Automaton","floor":33,"turns":10},{"damage":8,"enemies":"Orb Walker","floor":35,"turns":5},{"damage":6,"enemies":"3 Shapes","floor":39,"turns":7},{"damage":0,"enemies":"3 Darklings","floor":41,"turns":5},{"damage":20,"enemies":"Writhing Mass","floor":42,"turns":5},{"damage":1,"enemies":"4 Shapes","floor":45,"turns":3},{"damage":18,"enemies":"Donu and Deca","floor":50,"turns":4}],"seed_played":"-8521174792744637859","potions_obtained":[{"floor":3,"key":"SpeedPotion"},{"floor":5,"key":"Fruit Juice"},{"floor":8,"key":"Energy Potion"},{"floor":12,"key":"AttackPotion"},{"floor":23,"key":"SkillPotion"},{"floor":25,"key":"Block Potion"},{"floor":31,"key":"PowerPotion"},{"floor":33,"key":"DistilledChaos"},{"floor":39,"key":"Weak Potion"}],"is_trial":false,"path_per_floor":["M","?","M","M","M","R","M","E","T","?","R","M","R","$","R","B",null,"M","$","?","M","?","E","R","E","T","E","M","R","?","M","R","B",null,"M","?","$","?","M","R","M","M","T","?","M","$","R","?","R","B"],"character_chosen":"IRONCLAD","basemod:card_modifiers":[null,null,null,null,null,null,null,null,null,null,null,null,null,null,null,null,null,null,null,null,null,null,null,null,null,null,null,null,null,null,null,null],"items_purchased":["Membership Card","Dropkick","Orrery","Fire Breathing","Gambling Chip"],"campfire_rested":0,"item_purchase_floors":[19,37,37,46,46],"current_hp_per_floor":[64,64,55,54,50,50,44,35,35,35,35,31,31,31,31,15,64,63,63,63,61,61,42,42,42,42,42,29,29,17,17,17,16,64,56,42,42,42,36,36,36,16,16,16,15,15,15,15,15,0],"gold":66,"neow_bonus":"BOSS_RELIC","is_prod":false,"is_daily":false,"chose_seed":false,"campfire_upgraded":9,"win_rate":0,"timestamp":1694748853,"path_taken":["M","?","M","M","M","R","M","E","T","?","R","?","R","?","R","BOSS","M","$","?","M","?","E","R","E","T","E","M","R","?","M","R","BOSS","M","?","$","?","M","R","M","?","T","?","M","?","R","?","R","BOSS"],"build_version":"2022-12-01","purchased_purges":2,"victory":false,"max_hp_per_floor":[75,75,75,75,75,75,75,80,80,80,80,80,80,80,80,80,80,80,80,80,80,80,80,80,80,80,80,80,80,80,80,80,80,80,80,80,80,80,80,80,80,80,80,80,80,80,80,80,80,80],"card_choices":[{"not_picked":["Rampage","True Grit"],"picked":"Headbutt","floor":1},{"not_picked":["Seeing Red","Sever Soul"],"picked":"Pommel Strike","floor":3},{"not_picked":["Seeing Red","Reckless Charge"],"picked":"Spot Weakness","floor":4},{"not_picked":["Headbutt","Twin Strike"],"picked":"Sword Boomerang","floor":5},{"not_picked":["Armaments","Rupture"],"picked":"Cleave","floor":7},{"not_picked":["Sword Boomerang","Inflame"],"picked":"Immolate","floor":8},{"not_picked":["Perfected Strike","Wild Strike"],"picked":"Disarm","floor":12},{"not_picked":["Juggernaut","Bludgeon"],"picked":"Barricade","floor":16},{"not_picked":["Body Slam","Intimidate","Twin Strike"],"picked":"SKIP","floor":18},{"not_picked":["Flex+1","Dual Wield"],"picked":"Shockwave","floor":21},{"not_picked":["Sword Boomerang","Twin Strike+1"],"picked":"Shrug It Off","floor":23},{"not_picked":["Sword Boomerang","Anger"],"picked":"Armaments+1","floor":25},{"not_picked":["Sword Boomerang","Pummel","Rampage"],"picked":"SKIP","floor":27},{"not_picked":["Iron Wave","Clothesline"],"picked":"Burning Pact","floor":28},{"not_picked":["Clash","Blood for Blood"],"picked":"Power Through","floor":31},{"not_picked":["Berserk","Feed"],"picked":"Limit Break","floor":33},{"not_picked":["Twin Strike","Dropkick"],"picked":"Second Wind+1","floor":35},{"not_picked":["Havoc","Rupture"],"picked":"Offering","floor":37},{"not_picked":["Headbutt","Searing Blow"],"picked":"Dark Embrace","floor":37},{"not_picked":["Twin Strike","Evolve"],"picked":"Burning Pact+1","floor":37},{"not_picked":["Hemokinesis","Heavy Blade+1"],"picked":"Body Slam","floor":37},{"not_picked":["Twin Strike","Uppercut","Perfected Strike"],"picked":"SKIP","floor":39},{"not_picked":["Wild Strike","Dark Embrace"],"picked":"Shockwave+1","floor":41},{"not_picked":["Perfected Strike+1","Armaments","Thunderclap"],"picked":"SKIP","floor":42},{"not_picked":["Pommel Strike","Carnage","Body Slam"],"picked":"SKIP","floor":45}],"player_experience":120814,"relics_obtained":[{"floor":8,"key":"Bronze Scales"},{"floor":9,"key":"Pocketwatch"},{"floor":23,"key":"Incense Burner"},{"floor":25,"key":"Peace Pipe"},{"floor":26,"key":"The Courier"},{"floor":27,"key":"Red Skull"}],"event_choices":[{"damage_healed":0,"gold_gain":0,"cards_transformed":["Strike_R"],"player_choice":"Change","damage_taken":0,"max_hp_gain":0,"max_hp_loss":0,"event_name":"Living Wall","floor":2,"gold_loss":0,"cards_obtained":["Corruption"]},{"damage_healed":0,"gold_gain":0,"cards_transformed":["Strike_R"],"player_choice":"Transformed","damage_taken":0,"max_hp_gain":0,"max_hp_loss":0,"event_name":"Transmorgrifier","floor":10,"gold_loss":0,"cards_obtained":["Flame Barrier"]},{"damage_healed":0,"gold_gain":0,"player_choice":"Ignored","damage_taken":0,"max_hp_gain":0,"max_hp_loss":0,"event_name":"Ghosts","floor":20,"gold_loss":0},{"damage_healed":0,"gold_gain":0,"cards_transformed":["Strike_R","Defend_R"],"player_choice":"Became Test Subject","damage_taken":0,"max_hp_gain":0,"max_hp_loss":0,"event_name":"Drug Dealer","floor":22,"gold_loss":0,"cards_obtained":["Pommel Strike","Evolve"]},{"damage_healed":0,"gold_gain":0,"player_choice":"POTION ","damage_taken":12,"max_hp_gain":0,"max_hp_loss":0,"event_name":"Knowing Skull","floor":30,"potions_obtained":["Explosive Potion"],"gold_loss":0,"cards_obtained":[]},{"damage_healed":0,"gold_gain":0,"player_choice":"Embrace Madness","damage_taken":14,"max_hp_gain":0,"max_hp_loss":0,"event_name":"Winding Halls","floor":36,"gold_loss":0,"cards_obtained":["Madness","Madness"]},{"damage_healed":0,"gold_gain":0,"player_choice":"Upgraded","damage_taken":0,"max_hp_gain":0,"max_hp_loss":0,"event_name":"Upgrade Shrine","floor":38,"gold_loss":0,"cards_upgraded":["Pommel Strike"]},{"damage_healed":0,"gold_gain":0,"player_choice":"Ignored","damage_taken":0,"max_hp_gain":0,"max_hp_loss":0,"event_name":"Mysterious Sphere","floor":44,"gold_loss":0},{"cards_removed":["Shrug It Off"],"damage_healed":0,"gold_gain":0,"player_choice":"Removed Skill","damage_taken":0,"max_hp_gain":0,"max_hp_loss":0,"event_name":"Falling","floor":48,"gold_loss":0}],"is_beta":false,"boss_relics":[{"not_picked":["SacredBark","SlaversCollar"],"picked":"Velvet Choker"},{"not_picked":["Cursed Key","Philosopher\u0027s Stone"],"picked":"Astrolabe"}],"items_purged_floors":[14,19],"is_endless":false,"potions_floor_spawned":[3,5,8,12,23,25,31,33,39],"killed_by":"Donu and Deca","ascension_level":20}