{"gold_per_floor":[213,43,57,70,70,95,95,95,121,136,136,169,169,200,200,272,272,283,303,125,125,125,125,160,160,212,246,264,264,264,284,284,284],"floor_reached":33,"playtime":2461,"items_purged":["Strike_R","Anger+1"],"score":602,"play_id":"23649690-761d-4171-9a90-49406d401a58","local_time":"20230913102945","is_ascension_mode":true,"campfire_choices":[{"floor":8.0,"key":"REST"},{"floor":13.0,"key":"REST"},{"data":"Inflame","floor":15.0,"key":"SMITH"},{"floor":23.0,"key":"REST"},{"data":"Uppercut","floor":25.0,"key":"SMITH"},{"data":"Immolate","floor":32.0,"key":"SMITH"}],"neow_cost":"NONE","seed_source_timestamp":96362401039084,"circlet_count":0,"master_deck":["AscendersBane","Strike_R","Strike_R","Strike_R+1","Strike_R","Defend_R","Defend_R","Defend_R","Defend_R","Bash","Rupture","Inflame+1","Uppercut+1","Shrug It Off","Twin Strike","Fiend Fire","Cleave","Impervious","Combust","Carnage","Dark Embrace","Burning Pact","Decay","Immolate+1"],"special_seed":0,"relics":["Burning Blood","Whetstone","Oddly Smooth Stone","Eternal Feather","Snecko Eye","MutagenicStrength","Nilry\u0027s Codex","Centennial Puzzle","Nunchaku","PreservedInsect"],"potions_floor_usage":[33,33],"damage_taken":[{"damage":13.0,"enemies":"Cultist","floor":1.0,"turns":5.0},{"damage":4.0,"enemies":"Small Slimes","floor":3.0,"turns":6.0},{"damage":4.0,"enemies":"2 Louse","floor":4.0,"turns":3.0},{"damage":25.0,"enemies":"Lagavulin","floor":6.0,"turns":7.0},{"damage":0.0,"enemies":"The Mushroom Lair","floor":7.0,"turns":1.0},{"damage":12.0,"enemies":"Large Slime","floor":10.0,"turns":5.0},{"damage":24.0,"enemies":"Gremlin Nob","floor":12.0,"turns":4.0},{"damage":19.0,"enemies":"Lagavulin","floor":14.0,"turns":7.0},{"damage":28.0,"enemies":"Hexaghost","floor":16.0,"turns":8.0},{"damage":18.0,"enemies":"2 Thieves","floor":18.0,"turns":3.0},{"damage":19.0,"enemies":"Spheric Guardian","floor":19.0,"turns":4.0},{"damage":22.0,"enemies":"Book of Stabbing","floor":24.0,"turns":4.0},{"damage":7.0,"enemies":"Slavers","floor":27.0,"turns":5.0},{"damage":32.0,"enemies":"3 Cultists","floor":28.0,"turns":5.0},{"damage":0.0,"enemies":"Snake Plant","floor":31.0,"turns":2.0},{"damage":47,"enemies":"Collector","floor":33,"turns":3}],"seed_played":"1851836538518587584","potions_obtained":[{"floor":3.0,"key":"Weak Potion"},{"floor":6.0,"key":"SmokeBomb"},{"floor":12.0,"key":"SmokeBomb"},{"floor":14.0,"key":"CultistPotion"},{"floor":18.0,"key":"Swift Potion"},{"floor":27.0,"key":"Energy Potion"},{"floor":28.0,"key":"Swift Potion"}],"is_trial":false,"path_per_floor":["M","$","M","M","?","E","?","R","T","M","?","E","R","E","R","B",null,"M","M","$","?","?","R","E","R","T","E","M","?","?","M","R","B"],"character_chosen":"IRONCLAD","basemod:card_modifiers":[null,null,null,null,null,null,null,null,null,null,null,null,null,null,null,null,null,null,null,null,null,null,null,null],"items_purchased":["Inflame","SteroidPotion","Dark Embrace"],"campfire_rested":3,"item_purchase_floors":[2,2,20],"current_hp_per_floor":[61,61,63,65,30,11,17,39,39,33,33,15,37,24,33,11,59,47,34,34,34,13,47,31,43,43,42,16,16,16,22,34,0],"gold":284,"neow_bonus":"HUNDRED_GOLD","is_prod":false,"is_daily":false,"chose_seed":false,"campfire_upgraded":3,"win_rate":1,"timestamp":1694615385,"path_taken":["M","$","M","M","?","E","?","R","T","M","?","E","R","E","R","BOSS","M","M","$","?","?","R","E","R","T","E","M","?","?","M","R","BOSS"],"build_version":"2022-12-01","purchased_purges":2,"victory":false,"max_hp_per_floor":[75,75,75,75,75,75,75,75,75,75,75,75,75,75,75,75,75,75,75,75,75,75,75,75,75,75,75,75,75,75,75,75,75],"card_choices":[{"not_picked":["Iron Wave","Dark Embrace"],"picked":"Rupture","floor":1.0},{"not_picked":["Ghostly Armor","Twin Strike"],"picked":"Anger","floor":3.0},{"not_picked":["Power Through","Second Wind"],"picked":"Uppercut","floor":4.0},{"not_picked":["Spot Weakness","Seeing Red"],"picked":"Shrug It Off","floor":6.0},{"not_picked":["Inflame","Clash"],"picked":"Twin Strike","floor":10.0},{"not_picked":["Warcry","Armaments"],"picked":"Fiend Fire","floor":12.0},{"not_picked":["Shrug It Off","Rage"],"picked":"Cleave","floor":14.0},{"not_picked":["Berserk","Demon Form"],"picked":"Impervious","floor":16.0},{"not_picked":["Iron Wave","Armaments"],"picked":"Combust","floor":18.0},{"not_picked":["Dropkick+1","Pommel Strike"],"picked":"Carnage","floor":19.0},{"not_picked":["True Grit","Havoc+1","Cleave"],"picked":"SKIP","floor":24.0},{"not_picked":["Sever Soul","Ghostly Armor","Evolve"],"picked":"SKIP","floor":27.0},{"not_picked":["Cleave","Sword Boomerang"],"picked":"Burning Pact","floor":28.0},{"not_picked":["Clash","Anger"],"picked":"Immolate","floor":31.0}],"player_experience":106561,"relics_obtained":[{"floor":6.0,"key":"Whetstone"},{"floor":12.0,"key":"Oddly Smooth Stone"},{"floor":14.0,"key":"Eternal Feather"},{"floor":22.0,"key":"Nilry\u0027s Codex"},{"floor":24.0,"key":"Centennial Puzzle"},{"floor":26.0,"key":"Nunchaku"},{"floor":27.0,"key":"PreservedInsect"}],"event_choices":[{"damage_healed":0.0,"max_hp_gain":0.0,"max_hp_loss":0.0,"gold_gain":0.0,"event_name":"Scrap Ooze","player_choice":"Fled","floor":5.0,"gold_loss":0.0,"damage_taken":35.0},{"damage_healed":0.0,"max_hp_gain":0.0,"max_hp_loss":0.0,"gold_gain":0.0,"event_name":"Mushrooms","player_choice":"Fought Mushrooms","floor":7.0,"gold_loss":0.0,"damage_taken":0.0},{"damage_healed":0.0,"max_hp_gain":0.0,"max_hp_loss":0.0,"gold_gain":0.0,"event_name":"Liars Game","player_choice":"Ignored","floor":11.0,"gold_loss":0.0,"damage_taken":0.0},{"damage_healed":0.0,"max_hp_gain":0.0,"max_hp_loss":0.0,"gold_gain":0.0,"event_name":"Drug Dealer","player_choice":"Inject Mutagens","floor":21.0,"gold_loss":0.0,"damage_taken":0.0,"relics_obtained":["MutagenicStrength"]},{"damage_healed":0.0,"max_hp_gain":0.0,"max_hp_loss":0.0,"gold_gain":0.0,"event_name":"Cursed Tome","player_choice":"Obtained Book","floor":22.0,"gold_loss":0.0,"damage_taken":21.0},{"damage_healed":0.0,"max_hp_gain":0.0,"max_hp_loss":0.0,"gold_gain":0.0,"event_name":"Ghosts","player_choice":"Ignored","floor":29.0,"gold_loss":0.0,"damage_taken":0.0},{"damage_healed":0.0,"max_hp_gain":0.0,"max_hp_loss":0.0,"gold_gain":0.0,"event_name":"Forgotten Altar","player_choice":"Smashed Altar","floor":30.0,"gold_loss":0.0,"damage_taken":0.0,"cards_obtained":["Decay"]}],"is_beta":false,"boss_relics":[{"not_picked":["Runic Dome","Calling Bell"],"picked":"Snecko Eye"}],"items_purged_floors":[2,20],"is_endless":false,"potions_floor_spawned":[3,6,7,12,14,18,27,28],"killed_by":"Collector","ascension_level":20}