{"gold_per_floor":[118,134,59,6,18,18,52,52,106,106,106,131,142,7,7,7],"floor_reached":16,"playtime":1136,"items_purged":[],"score":216,"play_id":"f3a71ad8-e47d-47de-9af9-8e8f020a175a","local_time":"20230915140933","is_ascension_mode":true,"campfire_choices":[{"data":"Hemokinesis","floor":6,"key":"SMITH"},{"data":"True Grit","floor":8,"key":"SMITH"},{"data":"Wild Strike","floor":10,"key":"SMITH"},{"data":"Barricade","floor":15,"key":"SMITH"}],"neow_cost":"TEN_PERCENT_HP_LOSS","seed_source_timestamp":90173775566375,"circlet_count":0,"master_deck":["AscendersBane","Strike_R+1","Strike_R","Strike_R","Strike_R","Defend_R+1","Defend_R","Bash","Hemokinesis+1","True Grit+1","Shrug It Off","Wild Strike+1","Cleave","Flame Barrier","Barricade+1","Feel No Pain","Pommel Strike"],"special_seed":0,"relics":["Burning Blood","Centennial Puzzle","Bag of Marbles","Oddly Smooth Stone"],"potions_floor_usage":[7,13,16],"damage_taken":[{"damage":9.0,"enemies":"Jaw Worm","floor":1.0,"turns":2.0},{"damage":2.0,"enemies":"2 Louse","floor":2.0,"turns":3.0},{"damage":2,"enemies":"Cultist","floor":5,"turns":2},{"damage":26,"enemies":"Lagavulin","floor":7,"turns":6},{"damage":10,"enemies":"Gremlin Nob","floor":12,"turns":3},{"damage":7,"enemies":"2 Fungi Beasts","floor":13,"turns":4},{"damage":26,"enemies":"Hexaghost","floor":16,"turns":9}],"seed_played":"-232841530016492798","potions_obtained":[{"floor":2.0,"key":"Block Potion"},{"floor":7,"key":"BlessingOfTheForge"}],"is_trial":false,"path_per_floor":["M","M","?","$","M","R","E","R","T","R","?","E","M","$","R","B"],"character_chosen":"IRONCLAD","basemod:card_modifiers":[null,null,null,null,null,null,null,null,null,null,null,null,null,null,null,null,null],"items_purchased":["AttackPotion","Feel No Pain","Pommel Strike"],"campfire_rested":0,"item_purchase_floors":[4,14,14],"current_hp_per_floor":[65,68,68,68,68,68,48,48,48,48,28,24,23,23,23,0],"gold":7,"neow_bonus":"TRANSFORM_TWO_CARDS","is_prod":false,"is_daily":false,"chose_seed":false,"campfire_upgraded":4,"win_rate":0,"timestamp":1694801373,"path_taken":["M","M","?","$","M","R","E","R","T","R","?","E","M","$","R","BOSS"],"build_version":"2022-12-01","purchased_purges":0,"victory":false,"max_hp_per_floor":[68,68,68,68,68,68,68,68,68,68,68,68,68,68,68,68],"card_choices":[{"not_picked":["Thunderclap","True Grit"],"picked":"Shrug It Off","floor":1.0},{"not_picked":["Warcry","Shrug It Off"],"picked":"Wild Strike","floor":2.0},{"not_picked":["Iron Wave","Hemokinesis"],"picked":"Cleave","floor":5},{"not_picked":["Infernal Blade","Twin Strike"],"picked":"Flame Barrier","floor":7},{"not_picked":["Havoc","Infernal Blade","Clash"],"picked":"SKIP","floor":12},{"not_picked":["Havoc","Infernal Blade","Clash"],"picked":"SKIP","floor":12},{"not_picked":["Flame Barrier","Sword Boomerang"],"picked":"Barricade","floor":13}],"player_experience":124491,"relics_obtained":[{"floor":7,"key":"Centennial Puzzle"},{"floor":9,"key":"Bag of Marbles"},{"floor":12,"key":"Oddly Smooth Stone"}],"event_choices":[{"cards_removed":["Defend_R"],"damage_healed":0,"gold_gain":0,"player_choice":"Card Removal","damage_taken":0,"max_hp_gain":0,"max_hp_loss":0,"event_name":"The Cleric","floor":3,"gold_loss":75},{"damage_healed":0,"gold_gain":0,"player_choice":"Entered Light","damage_taken":20,"max_hp_gain":0,"max_hp_loss":0,"event_name":"Shining Light","floor":11,"gold_loss":0,"cards_upgraded":["Defend_R","Strike_R"]}],"is_beta":false,"boss_relics":[],"items_purged_floors":[],"is_endless":false,"potions_floor_spawned":[2,7],"killed_by":"Hexaghost","ascension_level":20}