{"gold_per_floor":[116,128,145,105,125,157,157,188,242,254,254,288,288,338,338,413,413,428,428,447,474,7,32,32,66,66,81,81,110,110,110,110,110],"floor_reached":33,"playtime":2516,"items_purged":["Bite+1"],"score":667,"play_id":"7b8b9178-e383-4854-9d66-d89a4d1f31d5","local_time":"20230918115209","is_ascension_mode":true,"campfire_choices":[{"data":"Sword Boomerang","floor":7.0,"key":"SMITH"},{"floor":11.0,"key":"REST"},{"data":"Shrug It Off","floor":13.0,"key":"SMITH"},{"data":"Bash","floor":15.0,"key":"SMITH"},{"floor":24.0,"key":"REST"},{"data":"True Grit","floor":28.0,"key":"SMITH"},{"data":"Intimidate","floor":30.0,"key":"SMITH"},{"floor":32.0,"key":"REST"}],"neow_cost":"NONE","seed_source_timestamp":120084798700083,"circlet_count":0,"master_deck":["AscendersBane","Defend_R","Defend_R","Defend_R","Defend_R","Bash+1","Shrug It Off+1","Sword Boomerang+1","Spot Weakness","Flame Barrier","Fiend Fire+1","Inflame","Bite+1","Bite+1","Bite+1","Bite+1","Uppercut+1","Battle Trance","Feel No Pain","Disarm","True Grit+1","Intimidate+1","Cleave+1"],"special_seed":0,"relics":["SacredBark","Bird Faced Urn","Molten Egg 2","Whetstone","Akabeko","Runic Pyramid","Red Mask","Happy Flower","Ancient Tea Set","Bag of Marbles","Art of War"],"potions_floor_usage":[],"damage_taken":[{"damage":4.0,"enemies":"Small Slimes","floor":1.0,"turns":3.0},{"damage":7.0,"enemies":"Cultist","floor":2.0,"turns":4.0},{"damage":8.0,"enemies":"Jaw Worm","floor":3.0,"turns":5.0},{"damage":2.0,"enemies":"Looter","floor":4.0,"turns":4.0},{"damage":7.0,"enemies":"2 Fungi Beasts","floor":5.0,"turns":3.0},{"damage":11.0,"enemies":"Gremlin Nob","floor":6.0,"turns":3.0},{"damage":25.0,"enemies":"3 Sentries","floor":8.0,"turns":5.0},{"damage":0.0,"enemies":"Exordium Wildlife","floor":10.0,"turns":1.0},{"damage":8.0,"enemies":"Gremlin Nob","floor":12.0,"turns":3.0},{"damage":4.0,"enemies":"Hexaghost","floor":16.0,"turns":7.0},{"damage":0.0,"enemies":"Chosen","floor":18.0,"turns":2.0},{"damage":16.0,"enemies":"2 Thieves","floor":20.0,"turns":3.0},{"damage":34.0,"enemies":"Masked Bandits","floor":21.0,"turns":4.0},{"damage":14.0,"enemies":"Gremlin Leader","floor":23.0,"turns":5.0},{"damage":17.0,"enemies":"Book of Stabbing","floor":25.0,"turns":4.0},{"damage":6.0,"enemies":"3 Cultists","floor":27.0,"turns":5.0},{"damage":32.0,"enemies":"Slavers","floor":29.0,"turns":6.0},{"damage":65,"enemies":"Collector","floor":33,"turns":8}],"seed_played":"-6728032185349351937","potions_obtained":[{"floor":1.0,"key":"Fire Potion"},{"floor":2.0,"key":"DistilledChaos"},{"floor":6.0,"key":"Swift Potion"},{"floor":12.0,"key":"LiquidBronze"},{"floor":21.0,"key":"Swift Potion"},{"floor":23.0,"key":"Explosive Potion"},{"floor":25.0,"key":"Energy Potion"}],"is_trial":false,"path_per_floor":["M","M","M","M","M","E","R","E","T","M","R","E","R","?","R","B",null,"M","?","M","?","$","E","R","E","T","M","R","E","R","?","R","B"],"character_chosen":"IRONCLAD","basemod:card_modifiers":[null,null,null,null,null,null,null,null,null,null,null,null,null,null,null,null,null,null,null,null,null,null,null],"items_purchased":["Strength Potion","Happy Flower","Feel No Pain","Disarm"],"campfire_rested":3,"item_purchase_floors":[22,22,22,22],"current_hp_per_floor":[64,57,49,47,40,29,29,4,4,4,26,18,18,18,18,14,60,60,52,48,26,26,25,40,30,30,40,40,24,24,11,28,0],"gold":110,"neow_bonus":"BOSS_RELIC","is_prod":false,"is_daily":false,"chose_seed":false,"campfire_upgraded":5,"win_rate":0,"timestamp":1695052329,"path_taken":["M","M","M","M","M","E","R","E","T","M","R","E","R","?","R","BOSS","M","?","M","?","$","E","R","E","T","M","R","E","R","?","R","BOSS"],"build_version":"2022-12-01","purchased_purges":1,"victory":false,"max_hp_per_floor":[75,75,75,75,75,75,75,75,75,75,75,75,75,75,75,75,75,75,52,52,52,52,52,52,52,52,52,52,52,52,57,57,57],"card_choices":[{"not_picked":["Ghostly Armor","Flex"],"picked":"Shrug It Off","floor":1.0},{"not_picked":["Flame Barrier","Havoc","Second Wind"],"picked":"SKIP","floor":2.0},{"not_picked":["Demon Form","Heavy Blade"],"picked":"Sword Boomerang","floor":3.0},{"not_picked":["Body Slam","Searing Blow","Heavy Blade"],"picked":"SKIP","floor":4.0},{"not_picked":["Cleave","Infernal Blade"],"picked":"Spot Weakness","floor":5.0},{"not_picked":["Dual Wield","Havoc","Iron Wave"],"picked":"SKIP","floor":6.0},{"not_picked":["Wild Strike+1","Combust","Armaments"],"picked":"SKIP","floor":8.0},{"not_picked":["Clash+1","Body Slam+1"],"picked":"Flame Barrier","floor":10.0},{"not_picked":["Heavy Blade+1","Perfected Strike+1","Clothesline+1"],"picked":"SKIP","floor":12.0},{"not_picked":["Berserk","Barricade"],"picked":"Fiend Fire+1","floor":16.0},{"not_picked":["Rupture","Sword Boomerang+1"],"picked":"Inflame","floor":18.0},{"not_picked":["Reckless Charge+1","Inflame"],"picked":"Uppercut+1","floor":20.0},{"not_picked":["Shrug It Off","Dropkick+1"],"picked":"Battle Trance","floor":21.0},{"not_picked":["Flame Barrier","Shrug It Off","Infernal Blade"],"picked":"SKIP","floor":23.0},{"not_picked":["Flex","Ghostly Armor"],"picked":"True Grit","floor":25.0},{"not_picked":["Flex","Combust"],"picked":"Intimidate","floor":27.0},{"not_picked":["Perfected Strike+1","Seeing Red"],"picked":"Cleave+1","floor":29.0}],"player_experience":128990,"relics_obtained":[{"floor":6.0,"key":"Bird Faced Urn"},{"floor":8.0,"key":"Molten Egg 2"},{"floor":9.0,"key":"Whetstone"},{"floor":12.0,"key":"Akabeko"},{"floor":21.0,"key":"Red Mask"},{"floor":23.0,"key":"Ancient Tea Set"},{"floor":25.0,"key":"Bag of Marbles"},{"floor":29.0,"key":"Art of War"}],"event_choices":[{"damage_healed":0.0,"max_hp_gain":0.0,"max_hp_loss":0.0,"gold_gain":50.0,"event_name":"Golden Shrine","player_choice":"Pray","floor":14.0,"gold_loss":0.0,"damage_taken":0.0},{"damage_healed":0.0,"max_hp_gain":0.0,"max_hp_loss":23.0,"gold_gain":0.0,"event_name":"Vampires","player_choice":"Became a vampire","floor":19.0,"gold_loss":0.0,"damage_taken":0.0,"cards_obtained":["Bite","Bite","Bite","Bite","Bite"]},{"damage_healed":0.0,"max_hp_gain":0.0,"max_hp_loss":0.0,"gold_gain":0.0,"event_name":"Masked Bandits","player_choice":"Fought Bandits","floor":21.0,"gold_loss":0.0,"damage_taken":0.0},{"damage_healed":0.0,"max_hp_gain":5.0,"max_hp_loss":0.0,"gold_gain":0.0,"event_name":"Forgotten Altar","player_choice":"Shed Blood","floor":31.0,"gold_loss":0.0,"damage_taken":18.0}],"is_beta":false,"boss_relics":[{"not_picked":["Mark of Pain","Busted Crown"],"picked":"Runic Pyramid"}],"items_purged_floors":[22],"is_endless":false,"potions_floor_spawned":[1,2,6,12,21,23,25],"killed_by":"Collector","ascension_level":20}