{"gold_per_floor":[217,217,237,253,266,266,294,1,1,1,28,28,56,73,73,73],"floor_reached":16,"playtime":1166,"items_purged":["Strike_R"],"score":220,"play_id":"95195d33-2e37-46a1-919c-7f97d59402c3","local_time":"20230918181640","is_ascension_mode":true,"campfire_choices":[{"data":"Inflame","floor":6,"key":"SMITH"},{"data":"Whirlwind","floor":10,"key":"SMITH"},{"data":"Bash","floor":15,"key":"SMITH"}],"neow_cost":"NONE","seed_source_timestamp":144547648111708,"circlet_count":0,"master_deck":["AscendersBane","Strike_R","Strike_R","Strike_R","Strike_R","Defend_R","Defend_R","Defend_R","Defend_R","Bash+1","Fire Breathing","Twin Strike","Inflame+1","Anger","Whirlwind+1","Impervious","Reaper"],"relics":["Burning Blood","InkBottle","Magic Flower","Charon\u0027s Ashes","Odd Mushroom","Toxic Egg 2"],"potions_floor_usage":[7,13,16,16],"damage_taken":[{"damage":11,"enemies":"Small Slimes","floor":1,"turns":6},{"damage":14,"enemies":"Jaw Worm","floor":3,"turns":4},{"damage":1,"enemies":"Cultist","floor":4,"turns":3},{"damage":18,"enemies":"Lots of Slimes","floor":5,"turns":4},{"damage":15,"enemies":"3 Sentries","floor":7,"turns":5},{"damage":9,"enemies":"The Mushroom Lair","floor":11,"turns":4},{"damage":6,"enemies":"Lagavulin","floor":13,"turns":6},{"damage":26,"enemies":"Exordium Wildlife","floor":14,"turns":5},{"damage":30,"enemies":"Hexaghost","floor":16,"turns":7}],"seed_played":"-7748626185874435663","potions_obtained":[{"floor":1,"key":"PowerPotion"},{"floor":11,"key":"Dexterity Potion"},{"floor":13,"key":"Strength Potion"}],"is_trial":false,"path_per_floor":["M","?","M","M","M","R","E","$","T","R","?","$","E","M","R","B"],"character_chosen":"IRONCLAD","basemod:card_modifiers":[null,null,null,null,null,null,null,null,null,null,null,null,null,null,null,null,null],"items_purchased":["BlessingOfTheForge","Impervious"],"campfire_rested":0,"item_purchase_floors":[8,8],"current_hp_per_floor":[63,52,44,49,37,37,28,28,28,28,28,28,31,26,26,0],"gold":73,"neow_bonus":"HUNDRED_GOLD","is_prod":false,"is_daily":false,"chose_seed":false,"campfire_upgraded":3,"win_rate":0,"timestamp":1695075400,"path_taken":["M","?","M","M","M","R","E","$","T","R","?","?","E","M","R","BOSS"],"build_version":"2022-12-01","purchased_purges":1,"victory":false,"max_hp_per_floor":[75,75,75,75,75,75,75,75,75,75,75,75,75,75,75,75],"card_choices":[{"not_picked":["Reckless Charge","Whirlwind"],"picked":"Fire Breathing","floor":1},{"not_picked":["Pommel Strike","Shrug It Off"],"picked":"Twin Strike","floor":3},{"not_picked":["Sentinel","Whirlwind"],"picked":"Inflame","floor":4},{"not_picked":["Iron Wave","Wild Strike"],"picked":"Anger","floor":5},{"not_picked":["Bloodletting","Warcry"],"picked":"Whirlwind","floor":7},{"not_picked":["Headbutt","Heavy Blade"],"picked":"Reaper","floor":13},{"not_picked":["Sword Boomerang","Searing Blow","Twin Strike"],"picked":"SKIP","floor":14}],"player_experience":131506,"relics_obtained":[{"floor":7,"key":"Magic Flower"},{"floor":9,"key":"Charon\u0027s Ashes"},{"floor":11,"key":"Odd Mushroom"},{"floor":13,"key":"Toxic Egg 2"}],"event_choices":[{"damage_healed":0,"gold_gain":0,"player_choice":"Success","damage_taken":11,"relics_obtained":["InkBottle"],"max_hp_gain":0,"max_hp_loss":0,"event_name":"Scrap Ooze","floor":2,"gold_loss":0},{"damage_healed":0,"gold_gain":0,"player_choice":"Fought Mushrooms","damage_taken":0,"max_hp_gain":0,"max_hp_loss":0,"event_name":"Mushrooms","floor":11,"gold_loss":0}],"is_beta":false,"boss_relics":[],"items_purged_floors":[8],"is_endless":false,"potions_floor_spawned":[1,11,13],"killed_by":"Hexaghost","ascension_level":20}