{"gold_per_floor":[118,118,140,166,101,101,125,125,150,176,201,126,145,165,165,248,248,265,244,40,68,95,122,122,163,163,163,180,180,199,209,209,295,295,310,331,365,383,217,217,243,243,243,113,113,125,159,159,159,159,159],"floor_reached":51,"playtime":6520,"items_purged":["Strike_R","Strike_R"],"score":1578,"play_id":"9073a54a-3182-423b-8604-2428fbcad882","local_time":"20230921110327","is_ascension_mode":true,"campfire_choices":[{"data":"Bash","floor":6.0,"key":"SMITH"},{"data":"Perfected Strike","floor":8.0,"key":"SMITH"},{"data":"Disarm","floor":15.0,"key":"SMITH"},{"data":"Ghostly","floor":24.0,"key":"SMITH"},{"data":"Ghostly","floor":27.0,"key":"SMITH"},{"data":"Armaments","floor":29.0,"key":"SMITH"},{"data":"Pommel Strike","floor":32.0,"key":"SMITH"},{"data":"Immolate","floor":40,"key":"SMITH"},{"data":"Shockwave","floor":42,"key":"SMITH"},{"floor":45,"key":"RECALL"},{"data":"True Grit","floor":49,"key":"SMITH"}],"neow_cost":"NONE","seed_source_timestamp":0,"circlet_count":0,"master_deck":["AscendersBane","Strike_R","Strike_R","Defend_R","Defend_R","Defend_R","Bash+1","Disarm+1","Anger","Perfected Strike+1","Cleave","Armaments+1","Flame Barrier","Shrug It Off","Corruption","Feel No Pain","Pommel Strike+1","Impervious","Ghostly+1","Ghostly","Ghostly+1","Shockwave+1","Immolate+1","Spot Weakness","True Grit+1","Madness","Madness","Pommel Strike"],"special_seed":0,"relics":["Coffee Dripper","CeramicFish","Runic Pyramid","Incense Burner","Shovel","Lantern","Empty Cage","CaptainsWheel","PreservedInsect","Kunai","The Courier","Medical Kit","Bronze Scales"],"potions_floor_usage":[47,51],"damage_taken":[{"damage":2.0,"enemies":"Jaw Worm","floor":1.0,"turns":4.0},{"damage":2.0,"enemies":"Small Slimes","floor":3.0,"turns":5.0},{"damage":5.0,"enemies":"2 Louse","floor":4.0,"turns":3.0},{"damage":5.0,"enemies":"2 Fungi Beasts","floor":7.0,"turns":3.0},{"damage":4.0,"enemies":"3 Louse","floor":10.0,"turns":2.0},{"damage":13.0,"enemies":"Exordium Wildlife","floor":11.0,"turns":4.0},{"damage":0.0,"enemies":"Looter","floor":13.0,"turns":3.0},{"damage":11.0,"enemies":"Large Slime","floor":14.0,"turns":5.0},{"damage":0.0,"enemies":"The Guardian","floor":16.0,"turns":11.0},{"damage":8.0,"enemies":"Chosen","floor":18.0,"turns":5.0},{"damage":14.0,"enemies":"2 Thieves","floor":19.0,"turns":4.0},{"damage":5.0,"enemies":"Centurion and Healer","floor":21.0,"turns":6.0},{"damage":10.0,"enemies":"Gremlin Leader","floor":23.0,"turns":8.0},{"damage":7.0,"enemies":"Book of Stabbing","floor":25.0,"turns":6.0},{"damage":1.0,"enemies":"3 Cultists","floor":28.0,"turns":9.0},{"damage":1.0,"enemies":"Chosen and Byrds","floor":30.0,"turns":7.0},{"damage":0.0,"enemies":"Centurion and Healer","floor":31.0,"turns":12.0},{"damage":1.0,"enemies":"Automaton","floor":33.0,"turns":12.0},{"damage":1.0,"enemies":"3 Darklings","floor":35.0,"turns":12.0},{"damage":0,"enemies":"3 Shapes","floor":36,"turns":6},{"damage":0,"enemies":"Mind Bloom Boss Battle","floor":37,"turns":12},{"damage":17,"enemies":"Giant Head","floor":41,"turns":10},{"damage":2,"enemies":"Spire Growth","floor":46,"turns":8},{"damage":3,"enemies":"Nemesis","floor":47,"turns":7},{"damage":0,"enemies":"Time Eater","floor":50,"turns":16},{"damage":27,"enemies":"Donu and Deca","floor":51,"turns":11}],"seed_played":"6898610746158222867","potions_obtained":[{"floor":3.0,"key":"Energy Potion"},{"floor":4.0,"key":"SkillPotion"},{"floor":11.0,"key":"BlessingOfTheForge"},{"floor":13.0,"key":"Strength Potion"},{"floor":14.0,"key":"Dexterity Potion"},{"floor":19.0,"key":"SpeedPotion"},{"floor":23.0,"key":"Swift Potion"},{"floor":30.0,"key":"CultistPotion"},{"floor":33.0,"key":"LiquidBronze"},{"floor":37,"key":"LiquidMemories"},{"floor":41,"key":"FairyPotion"},{"floor":47,"key":"HeartOfIron"}],"is_trial":false,"path_per_floor":["M","?","M","M","?","R","M","R","T","M","M","$","M","M","R","B",null,"M","M","$","M","?","E","R","E","T","R","M","R","M","M","R","B",null,"M","M","?","?","$","R","E","R","T","$","R","M","E","$","R","B","B"],"character_chosen":"IRONCLAD","basemod:card_modifiers":[null,null,null,null,null,null,null,null,null,null,null,null,null,null,null,null,null,null,null,null,null,null,null,null,null,null,null,null],"items_purchased":["SteroidPotion","Pommel Strike","PreservedInsect","Medical Kit"],"campfire_rested":0,"item_purchase_floors":[20,20,39,44],"current_hp_per_floor":[66,48,46,41,41,41,36,36,36,32,19,19,19,8,8,8,58,50,36,36,31,31,21,21,14,14,14,13,13,12,12,12,11,31,30,30,30,23,23,23,6,6,6,6,6,4,1,1,1,1,0],"gold":159,"neow_bonus":"BOSS_RELIC","is_prod":false,"is_daily":false,"chose_seed":false,"campfire_upgraded":10,"win_rate":0,"timestamp":1695308607,"path_taken":["M","?","M","M","?","R","M","R","T","M","M","$","M","M","R","BOSS","M","M","$","M","?","E","R","E","T","R","M","R","M","M","R","BOSS","M","M","?","?","$","R","E","R","T","$","R","M","E","?","R","BOSS","BOSS"],"build_version":"2022-12-01","purchased_purges":2,"victory":false,"max_hp_per_floor":[75,75,75,75,75,75,75,75,75,75,75,75,75,75,75,75,75,75,75,75,75,37,37,37,37,37,37,37,37,37,37,37,37,37,37,37,37,37,37,37,37,37,37,37,37,37,37,37,37,37,37],"card_choices":[{"not_picked":["Thunderclap","Battle Trance"],"picked":"Disarm","floor":1.0},{"not_picked":["Armaments","Perfected Strike"],"picked":"Anger","floor":3.0},{"not_picked":["Spot Weakness","Pommel Strike"],"picked":"Perfected Strike","floor":4.0},{"not_picked":["Hemokinesis","Headbutt"],"picked":"Cleave","floor":7.0},{"not_picked":["Havoc","Perfected Strike"],"picked":"Armaments","floor":10.0},{"not_picked":["Sword Boomerang","Entrench"],"picked":"Flame Barrier","floor":11.0},{"not_picked":["Havoc","Armaments"],"picked":"Shrug It Off","floor":13.0},{"not_picked":["Flex","Twin Strike","Wild Strike"],"picked":"SKIP","floor":14.0},{"not_picked":["Immolate","Double Tap"],"picked":"Corruption","floor":16.0},{"not_picked":["Thunderclap","Clash","Evolve+1"],"picked":"SKIP","floor":18.0},{"not_picked":["Sever Soul","Wild Strike"],"picked":"Feel No Pain","floor":19.0},{"not_picked":["Rage+1","Clash"],"picked":"Impervious","floor":21.0},{"not_picked":["Flex","Cleave","Iron Wave"],"picked":"SKIP","floor":23.0},{"not_picked":["Iron Wave","Body Slam"],"picked":"Shockwave","floor":25.0},{"not_picked":["Berserk","Wild Strike","Rampage+1"],"picked":"SKIP","floor":28.0},{"not_picked":["Sword Boomerang","Armaments+1","Cleave"],"picked":"SKIP","floor":30.0},{"not_picked":["Clothesline+1","Perfected Strike","Seeing Red"],"picked":"SKIP","floor":31.0},{"not_picked":["Impervious","Double Tap"],"picked":"Immolate","floor":33.0},{"not_picked":["Headbutt","Clash+1","Iron Wave+1"],"picked":"SKIP","floor":35.0},{"not_picked":["Armaments","Dual Wield"],"picked":"Spot Weakness","floor":36},{"not_picked":["Rage","Uppercut"],"picked":"True Grit","floor":37},{"not_picked":["Armaments+1","Wild Strike","Cleave+1"],"picked":"SKIP","floor":41},{"not_picked":["Armaments","Hemokinesis+1","Clothesline"],"picked":"SKIP","floor":46},{"not_picked":["Seeing Red","Searing Blow"],"picked":"Pommel Strike","floor":47}],"player_experience":138920,"relics_obtained":[{"floor":23.0,"key":"Incense Burner"},{"floor":25.0,"key":"Shovel"},{"floor":26.0,"key":"Lantern"},{"floor":37,"key":"CaptainsWheel"},{"floor":41,"key":"Kunai"},{"floor":43,"key":"The Courier"},{"floor":47,"key":"Bronze Scales"}],"event_choices":[{"damage_healed":0.0,"max_hp_gain":0.0,"max_hp_loss":0.0,"gold_gain":0.0,"event_name":"Scrap Ooze","player_choice":"Success","floor":2.0,"gold_loss":0.0,"damage_taken":18.0,"relics_obtained":["CeramicFish"]},{"damage_healed":0.0,"max_hp_gain":0.0,"max_hp_loss":0.0,"gold_gain":0.0,"event_name":"World of Goop","player_choice":"Left Gold","floor":5.0,"gold_loss":65.0,"damage_taken":0.0},{"damage_healed":0.0,"max_hp_gain":0.0,"max_hp_loss":38.0,"gold_gain":0.0,"event_name":"Ghosts","player_choice":"Became a Ghost","floor":22.0,"gold_loss":0.0,"damage_taken":0.0,"cards_obtained":["Ghostly","Ghostly","Ghostly"]},{"damage_healed":0,"gold_gain":0,"player_choice":"Fight","damage_taken":0,"max_hp_gain":0,"max_hp_loss":0,"event_name":"MindBloom","floor":37,"gold_loss":0},{"damage_healed":0,"gold_gain":0,"player_choice":"Embrace Madness","damage_taken":7,"max_hp_gain":0,"max_hp_loss":0,"event_name":"Winding Halls","floor":38,"gold_loss":0,"cards_obtained":["Madness","Madness"]}],"is_beta":false,"boss_relics":[{"not_picked":["Astrolabe","Black Star"],"picked":"Runic Pyramid"},{"not_picked":["Cursed Key","Snecko Eye"],"picked":"Empty Cage"}],"items_purged_floors":[12,20],"is_endless":false,"potions_floor_spawned":[3,4,11,13,14,19,23,30,33,37,41,47],"killed_by":"Donu and Deca","ascension_level":20}