{"gold_per_floor":[114,114,139,158,179,144,182,182,182,162,178,218,218,256,256,256],"floor_reached":16,"playtime":1309,"items_purged":[],"score":244,"play_id":"10deb78c-e345-4db5-a8f6-0f715c2d2081","local_time":"20230918103733","is_ascension_mode":true,"campfire_choices":[{"floor":8.0,"key":"REST"},{"data":"Cleave","floor":13,"key":"SMITH"},{"data":"Bash","floor":15,"key":"SMITH"}],"neow_cost":"NONE","seed_source_timestamp":116788182616625,"circlet_count":0,"master_deck":["AscendersBane","Strike_R","Strike_R","Strike_R","Strike_R","Strike_R","Defend_R","Defend_R","Defend_R","Defend_R","Bash+1","True Grit","Pummel","Cleave+1","Anger","Offering","Burning Pact","Shrug It Off","Fire Breathing"],"special_seed":0,"relics":["Burning Blood","Toy Ornithopter","Golden Idol","Regal Pillow","Shuriken","Champion Belt","PreservedInsect"],"potions_floor_usage":[12,16,16],"damage_taken":[{"damage":6.0,"enemies":"Jaw Worm","floor":1.0,"turns":5.0},{"damage":10.0,"enemies":"Small Slimes","floor":3.0,"turns":4.0},{"damage":3.0,"enemies":"2 Louse","floor":4.0,"turns":4.0},{"damage":29.0,"enemies":"Red Slaver","floor":5.0,"turns":6.0},{"damage":58.0,"enemies":"3 Sentries","floor":7.0,"turns":10.0},{"damage":10,"enemies":"Exordium Thugs","floor":10,"turns":4},{"damage":10,"enemies":"Large Slime","floor":11,"turns":7},{"damage":21,"enemies":"Lagavulin","floor":12,"turns":5},{"damage":28,"enemies":"3 Sentries","floor":14,"turns":7},{"damage":34,"enemies":"Slime Boss","floor":16,"turns":3}],"seed_played":"852190255580195332","potions_obtained":[{"floor":3.0,"key":"SteroidPotion"},{"floor":4.0,"key":"SneckoOil"},{"floor":7.0,"key":"BloodPotion"},{"floor":14,"key":"Swift Potion"}],"is_trial":false,"path_per_floor":["M","?","M","M","M","?","E","R","T","M","M","E","R","E","R","B"],"character_chosen":"IRONCLAD","basemod:card_modifiers":[null,null,null,null,null,null,null,null,null,null,null,null,null,null,null,null,null,null,null],"items_purchased":[],"campfire_rested":1,"item_purchase_floors":[],"current_hp_per_floor":[68,68,64,67,49,66,14,49,49,45,41,31,31,9,9,0],"gold":256,"neow_bonus":"RANDOM_COMMON_RELIC","is_prod":false,"is_daily":false,"chose_seed":false,"campfire_upgraded":2,"win_rate":0,"timestamp":1695047853,"path_taken":["M","?","M","M","M","?","E","R","T","M","M","E","R","E","R","BOSS"],"build_version":"2022-12-01","purchased_purges":0,"victory":false,"max_hp_per_floor":[75,68,68,68,68,68,68,68,68,68,68,68,68,68,68,68],"card_choices":[{"not_picked":["Body Slam","Havoc"],"picked":"True Grit","floor":1.0},{"not_picked":["Thunderclap","Flame Barrier"],"picked":"Pummel","floor":3.0},{"not_picked":["Thunderclap","Iron Wave"],"picked":"Cleave","floor":4.0},{"not_picked":["Warcry","True Grit","Iron Wave"],"picked":"SKIP","floor":5.0},{"not_picked":["Inflame","Blood for Blood"],"picked":"Anger","floor":7.0},{"not_picked":["True Grit","Dropkick"],"picked":"Offering","floor":10},{"not_picked":["Body Slam","Anger"],"picked":"Burning Pact","floor":11},{"not_picked":["Wild Strike","Clothesline"],"picked":"Shrug It Off","floor":12},{"not_picked":["Second Wind","Feel No Pain"],"picked":"Fire Breathing","floor":14}],"player_experience":126751,"relics_obtained":[{"floor":7.0,"key":"Regal Pillow"},{"floor":9.0,"key":"Shuriken"},{"floor":12,"key":"Champion Belt"},{"floor":14,"key":"PreservedInsect"}],"event_choices":[{"damage_healed":0.0,"max_hp_gain":0.0,"max_hp_loss":7.0,"gold_gain":0.0,"event_name":"Golden Idol","player_choice":"Lose Max HP","floor":2.0,"gold_loss":0.0,"damage_taken":0.0,"relics_obtained":["Golden Idol"]},{"damage_healed":17.0,"max_hp_gain":0.0,"max_hp_loss":0.0,"gold_gain":0.0,"event_name":"The Cleric","player_choice":"Healed","floor":6.0,"gold_loss":35.0,"damage_taken":0.0}],"is_beta":false,"boss_relics":[],"items_purged_floors":[],"is_endless":false,"potions_floor_spawned":[3,4,7,14],"killed_by":"Slime Boss","ascension_level":20}