{"gold_per_floor":[15,15,30,43,55,82,82,112,112,112,130,149,149,176,176,252,252,266,266,281,281,196,223,223,254,307,341,360,460,460,489,501,585,597,625,366,1365,1002,1002,1034,1034,929,929,929,954,954,1003,1022,1022,1022,1022,1022,1022,35,67,67],"floor_reached":56,"playtime":5397,"items_purged":["Strike_R+1","Normality","Normality"],"score":2069,"play_id":"7c03d453-75f3-4a32-9d39-4bacfc8e5c47","local_time":"20231021101628","is_ascension_mode":true,"campfire_choices":[{"data":"Armaments","floor":7.0,"key":"SMITH"},{"data":"Bash","floor":10.0,"key":"SMITH"},{"data":"Shockwave","floor":15.0,"key":"SMITH"},{"data":"True Grit","floor":24.0,"key":"SMITH"},{"data":"Pommel Strike","floor":32.0,"key":"SMITH"},{"floor":44.0,"key":"RECALL"},{"data":"Demon Form","floor":49.0,"key":"SMITH"},{"data":"Rupture","floor":53.0,"key":"SMITH"}],"neow_cost":"NO_GOLD","seed_source_timestamp":202059717504667,"circlet_count":0,"master_deck":["AscendersBane","Strike_R+1","Strike_R+1","Strike_R+1","Defend_R+1","Defend_R+1","Defend_R+1","Bash+1","Demon Form","Armaments+1","Rupture+1","Feel No Pain","Heavy Blade+1","Dark Embrace","Reaper","Anger","Cleave","Shockwave+1","Brutality","True Grit+1","Burning Pact+1","Shrug It Off","Pommel Strike+1","Demon Form+1","Dark Embrace","Reaper","Second Wind+1","Power Through+1","Spot Weakness+1","Reaper"],"special_seed":0,"relics":["Burning Blood","Pen Nib","Torii","Ice Cream","Pear","Snecko Eye","MutagenicStrength","Bag of Preparation","Nunchaku","Juzu Bracelet","Dream Catcher","WingedGreaves","The Courier","MawBank","Runic Dome","Mummified Hand","OrangePellets","Lantern","Bottled Flame","Bag of Marbles","Gremlin Horn","Frozen Egg 2","Charon\u0027s Ashes","Membership Card","Anchor","Paper Frog","Centennial Puzzle","Ginger","TungstenRod","Oddly Smooth Stone","Pocketwatch","War Paint"],"potions_floor_usage":[56,56],"damage_taken":[{"damage":20.0,"enemies":"Small Slimes","floor":1.0,"turns":5.0},{"damage":12.0,"enemies":"Cultist","floor":3.0,"turns":4.0},{"damage":20.0,"enemies":"2 Louse","floor":4.0,"turns":4.0},{"damage":5.0,"enemies":"2 Fungi Beasts","floor":5.0,"turns":4.0},{"damage":10.0,"enemies":"3 Sentries","floor":6.0,"turns":10.0},{"damage":43.0,"enemies":"Lagavulin","floor":8.0,"turns":8.0},{"damage":26.0,"enemies":"3 Louse","floor":11.0,"turns":4.0},{"damage":13.0,"enemies":"Exordium Wildlife","floor":12.0,"turns":5.0},{"damage":32.0,"enemies":"Gremlin Nob","floor":14.0,"turns":4.0},{"damage":49.0,"enemies":"Slime Boss","floor":16.0,"turns":12.0},{"damage":7.0,"enemies":"3 Byrds","floor":18.0,"turns":5.0},{"damage":27.0,"enemies":"2 Thieves","floor":20.0,"turns":3.0},{"damage":35.0,"enemies":"Slavers","floor":23.0,"turns":5.0},{"damage":37.0,"enemies":"Gremlin Leader","floor":25.0,"turns":8.0},{"damage":21.0,"enemies":"Slavers","floor":27.0,"turns":5.0},{"damage":1.0,"enemies":"Centurion and Healer","floor":28.0,"turns":5.0},{"damage":21.0,"enemies":"Colosseum Slavers","floor":29.0,"turns":4.0},{"damage":19.0,"enemies":"Colosseum Nobs","floor":29.0,"turns":6.0},{"damage":9.0,"enemies":"Book of Stabbing","floor":31.0,"turns":5.0},{"damage":58.0,"enemies":"Automaton","floor":33.0,"turns":8.0},{"damage":37.0,"enemies":"3 Darklings","floor":35.0,"turns":5.0},{"damage":52.0,"enemies":"Reptomancer","floor":40.0,"turns":7.0},{"damage":3.0,"enemies":"Giant Head","floor":45.0,"turns":5.0},{"damage":28.0,"enemies":"2 Orb Walkers","floor":47.0,"turns":3.0},{"damage":5.0,"enemies":"3 Shapes","floor":48.0,"turns":2.0},{"damage":30.0,"enemies":"Time Eater","floor":50.0,"turns":9.0},{"damage":56.0,"enemies":"Awakened One","floor":51.0,"turns":6.0},{"damage":104.0,"enemies":"Shield and Spear","floor":55.0,"turns":6.0},{"damage":48,"enemies":"The Heart","floor":56,"turns":2}],"seed_played":"-3514297693271152414","potions_obtained":[{"floor":4.0,"key":"SkillPotion"},{"floor":5.0,"key":"FairyPotion"},{"floor":6.0,"key":"SteroidPotion"},{"floor":11.0,"key":"LiquidMemories"},{"floor":12.0,"key":"ColorlessPotion"},{"floor":18.0,"key":"SmokeBomb"},{"floor":23.0,"key":"BloodPotion"},{"floor":27.0,"key":"BloodPotion"},{"floor":28.0,"key":"HeartOfIron"},{"floor":29.0,"key":"BloodPotion"},{"floor":48.0,"key":"FearPotion"},{"floor":55.0,"key":"DistilledChaos"}],"is_trial":false,"path_per_floor":["M","?","M","M","M","E","R","E","T","R","M","M","?","E","R","B",null,"M","?","M","?","?","E","R","E","T","E","M","?","?","E","R","B",null,"M","$","?","$","?","E","?","?","T","R","E","?","?","M","R","B","B",null,"R","$","E","B"],"character_chosen":"IRONCLAD","basemod:card_modifiers":[null,null,null,null,null,null,null,null,null,null,null,null,null,null,null,null,null,null,null,null,null,null,null,null,null,null,null,null,null,null],"items_purchased":["Mummified Hand","Dark Embrace","OrangePellets","Lantern","Membership Card","Power Through","Anchor","Ancient Potion","Paper Frog","Centennial Puzzle","Ginger","TungstenRod","DistilledChaos","Oddly Smooth Stone","Pocketwatch","Spot Weakness"],"campfire_rested":0,"item_purchase_floors":[36,38,38,38,54,54,54,54,54,54,54,54,54,54,54,54],"current_hp_per_floor":[54,54,48,34,35,31,31,16,16,16,20,17,17,38,38,11,67,85,85,83,83,83,66,66,54,54,69,85,85,85,85,85,53,77,54,54,54,54,54,35,35,35,35,35,81,81,74,81,81,81,59,76,76,81,30,0],"gold":67,"neow_bonus":"THREE_RARE_CARDS","is_prod":false,"is_daily":false,"chose_seed":false,"campfire_upgraded":7,"win_rate":0,"timestamp":1697897788,"path_taken":["M","?","M","M","M","E","R","E","T","R","M","M","?","E","R","BOSS","M","?","M","?","?","E","R","E","T","E","M","?","?","E","R","BOSS","M","$","?","$","?","E","?","?","T","R","E","?","?","M","R","BOSS","BOSS","R","$","E","BOSS"],"build_version":"2022-12-01","purchased_purges":3,"victory":false,"max_hp_per_floor":[75,75,75,75,75,75,75,75,75,75,75,75,75,85,85,85,85,85,85,85,85,85,85,85,85,85,85,85,85,85,85,85,85,85,85,85,85,85,81,81,81,81,81,81,81,81,81,81,81,81,81,81,81,81,81,81],"card_choices":[{"not_picked":["Juggernaut","Barricade"],"picked":"Demon Form","floor":0.0},{"not_picked":["Sever Soul","Carnage"],"picked":"Armaments","floor":1.0},{"not_picked":["Dropkick","Thunderclap"],"picked":"Feel No Pain","floor":3.0},{"not_picked":["Feel No Pain","Rupture","Heavy Blade"],"picked":"SKIP","floor":4.0},{"not_picked":["Feel No Pain","Rupture"],"picked":"Heavy Blade","floor":4.0},{"not_picked":["Feel No Pain","Body Slam"],"picked":"Dark Embrace","floor":5.0},{"not_picked":["Thunderclap","Dark Embrace"],"picked":"Reaper","floor":6.0},{"not_picked":["Blood for Blood","Havoc","Iron Wave"],"picked":"SKIP","floor":8.0},{"not_picked":["Reckless Charge","Wild Strike"],"picked":"Anger","floor":11.0},{"not_picked":["Dual Wield","True Grit"],"picked":"Cleave","floor":12.0},{"not_picked":["Metallicize","Dual Wield"],"picked":"Shockwave","floor":14.0},{"not_picked":["Double Tap","Juggernaut"],"picked":"Brutality","floor":16.0},{"not_picked":["Clash","Thunderclap","Fire Breathing"],"picked":"SKIP","floor":18.0},{"not_picked":["Armaments","Anger","Searing Blow"],"picked":"SKIP","floor":20.0},{"not_picked":["Armaments","Anger","Searing Blow"],"picked":"SKIP","floor":20.0},{"not_picked":["Reaper","Blood for Blood+1"],"picked":"True Grit","floor":23.0},{"not_picked":["Twin Strike","Battle Trance"],"picked":"Burning Pact+1","floor":25.0},{"not_picked":["Infernal Blade","Berserk"],"picked":"Shrug It Off","floor":27.0},{"not_picked":["Headbutt","Feel No Pain"],"picked":"Pommel Strike","floor":28.0},{"not_picked":["Combust","True Grit","Shrug It Off+1"],"picked":"SKIP","floor":31.0},{"not_picked":["Barricade","Bludgeon"],"picked":"Demon Form","floor":33.0},{"not_picked":["Twin Strike","Body Slam+1","Havoc"],"picked":"SKIP","floor":35.0},{"not_picked":["Anger","Combust"],"picked":"Reaper","floor":40.0},{"not_picked":["Iron Wave+1","Flame Barrier+1"],"picked":"Second Wind+1","floor":45.0},{"not_picked":["Intimidate","Sentinel","Wild Strike"],"picked":"SKIP","floor":48.0},{"not_picked":["Sword Boomerang+1","Limit Break"],"picked":"Reaper","floor":55.0}],"player_experience":187628,"relics_obtained":[{"floor":6.0,"key":"Pen Nib"},{"floor":8.0,"key":"Torii"},{"floor":9.0,"key":"Ice Cream"},{"floor":14.0,"key":"Pear"},{"floor":23.0,"key":"Nunchaku"},{"floor":25.0,"key":"Juzu Bracelet"},{"floor":27.0,"key":"Dream Catcher"},{"floor":29.0,"key":"WingedGreaves"},{"floor":29.0,"key":"The Courier"},{"floor":31.0,"key":"MawBank"},{"floor":40.0,"key":"Bottled Flame"},{"floor":43.0,"key":"Gremlin Horn"},{"floor":45.0,"key":"Frozen Egg 2"},{"floor":47.0,"key":"Charon\u0027s Ashes"},{"floor":55.0,"key":"War Paint"}],"event_choices":[{"damage_healed":0.0,"max_hp_gain":0.0,"max_hp_loss":0.0,"gold_gain":0.0,"cards_transformed":["Defend_R"],"event_name":"Living Wall","player_choice":"Change","floor":2.0,"gold_loss":0.0,"damage_taken":0.0,"cards_obtained":["Rupture"]},{"cards_removed":["Strike_R"],"damage_healed":0.0,"max_hp_gain":0.0,"max_hp_loss":0.0,"gold_gain":0.0,"event_name":"Purifier","player_choice":"Purged","floor":13.0,"gold_loss":0.0,"damage_taken":0.0},{"damage_healed":0.0,"max_hp_gain":0.0,"max_hp_loss":0.0,"gold_gain":0.0,"event_name":"Drug Dealer","player_choice":"Inject Mutagens","floor":19.0,"gold_loss":0.0,"damage_taken":0.0,"relics_obtained":["MutagenicStrength"]},{"damage_healed":0.0,"max_hp_gain":0.0,"max_hp_loss":0.0,"gold_gain":0.0,"event_name":"Ghosts","player_choice":"Ignored","floor":21.0,"gold_loss":0.0,"damage_taken":0.0},{"damage_healed":0.0,"max_hp_gain":0.0,"max_hp_loss":0.0,"gold_gain":0.0,"event_name":"Addict","player_choice":"Obtained Relic","floor":22.0,"gold_loss":85.0,"damage_taken":0.0,"relics_obtained":["Bag of Preparation"]},{"damage_healed":0.0,"max_hp_gain":0.0,"max_hp_loss":0.0,"gold_gain":0.0,"event_name":"Colosseum","player_choice":"Fight","floor":29.0,"gold_loss":0.0,"damage_taken":0.0},{"damage_healed":0.0,"max_hp_gain":0.0,"max_hp_loss":0.0,"gold_gain":0.0,"event_name":"Colosseum","player_choice":"Fought Nobs","floor":29.0,"gold_loss":0.0,"damage_taken":0.0},{"damage_healed":0.0,"max_hp_gain":0.0,"max_hp_loss":0.0,"gold_gain":0.0,"event_name":"Back to Basics","player_choice":"Simplicity","floor":30.0,"gold_loss":0.0,"damage_taken":0.0,"cards_upgraded":["Strike_R","Strike_R","Strike_R","Strike_R","Defend_R","Defend_R","Defend_R"]},{"damage_healed":0.0,"max_hp_gain":0.0,"max_hp_loss":0.0,"gold_gain":999.0,"event_name":"MindBloom","player_choice":"Gold","floor":37.0,"gold_loss":0.0,"damage_taken":0.0,"cards_obtained":["Normality","Normality"]},{"damage_healed":0.0,"max_hp_gain":0.0,"max_hp_loss":4.0,"gold_gain":0.0,"event_name":"Winding Halls","player_choice":"Max HP","floor":39.0,"gold_loss":0.0,"damage_taken":0.0},{"damage_healed":0.0,"max_hp_gain":0.0,"max_hp_loss":0.0,"gold_gain":0.0,"event_name":"The Moai Head","player_choice":"Ignored","floor":41.0,"gold_loss":0.0,"damage_taken":0.0},{"damage_healed":0.0,"max_hp_gain":0.0,"max_hp_loss":0.0,"gold_gain":0.0,"event_name":"WeMeetAgain","player_choice":"Paid Gold","floor":42.0,"gold_loss":105.0,"damage_taken":0.0,"relics_obtained":["Bag of Marbles"]},{"damage_healed":0.0,"max_hp_gain":0.0,"max_hp_loss":0.0,"gold_gain":0.0,"event_name":"Upgrade Shrine","player_choice":"Upgraded","floor":46.0,"gold_loss":0.0,"damage_taken":0.0,"cards_upgraded":["Heavy Blade"]},{"damage_healed":0.0,"max_hp_gain":0.0,"max_hp_loss":0.0,"gold_gain":0.0,"event_name":"Mysterious Sphere","player_choice":"Fight","floor":47.0,"gold_loss":0.0,"damage_taken":0.0}],"is_beta":false,"boss_relics":[{"not_picked":["Black Star","Black Blood"],"picked":"Snecko Eye"},{"not_picked":["Sozu","SacredBark"],"picked":"Runic Dome"}],"items_purged_floors":[36,38,54],"is_endless":false,"potions_floor_spawned":[4,5,6,11,12,18,23,27,28,29,48,55],"killed_by":"The Heart","ascension_level":20}