{"neow_bonuses_skipped_log":["TEN_PERCENT_HP_BONUS"],"potions_obtained_entropic_brew":[[],[],[],[],[],[],[],[],[],[],[],[],[],[],[],[],[],[],[],[],[],[],[],[],[],[],[],[],[],[],[],[],[]],"neow_costs_skipped_log":["NONE"],"gold_per_floor":[110,260,108,119,19,44,59,59,83,110,110,110,31,63,63,139,139,159,159,159,31,31,62,62,97,97,128,138,149,163,195,195,195],"floor_reached":33,"playtime":1756,"items_purged":["Doubt","Defend_R"],"score":853,"play_id":"4294f976-5088-4767-a5b0-21f63c18204d","local_time":"20231031145947","score_breakdown":["Floors Climbed (33): 165","Enemies Slain (7): 14","Exordium Elites Killed (3): 30","City Elites Killed (4): 80","Bosses Slain (1): 50","Collector (1): 25","Champion (3): 75","Ascension (20): 414"],"is_ascension_mode":true,"potions_obtained_alchemize":[[],[],[],[],[],[],[],[],[],[],[],[],[],[],[],[],[],[],[],[],[],[],[],[],[],[],[],[],[],[],[],[],[]],"campfire_choices":[{"data":"Blood for Blood","floor":8.0,"key":"SMITH"},{"data":"Immolate","floor":12.0,"key":"SMITH"},{"data":"Inflame","floor":15.0,"key":"SMITH"},{"data":"Offering","floor":24.0,"key":"SMITH"},{"data":"Pommel Strike","floor":32,"key":"SMITH"}],"lesson_learned_per_floor":[[],[],[],[],[],[],[],[],[],[],[],[],[],[],[],[],[],[],[],[],[],[],[],[],[],[],[],[],[],[],[],[],[]],"neow_cost":"NONE","improvable_cards":{},"seed_source_timestamp":88315680695250,"shop_contents":[{"floor":3,"relics":["Tiny Chest","Eternal Feather","Frozen Eye"],"cards":["Sword Boomerang","Clash","Dual Wield","Dark Embrace","Swift Strike","Sadistic Nature"],"potions":["LiquidMemories","Energy Potion","BlessingOfTheForge"]},{"floor":5,"relics":["Ornamental Fan","Du-Vu Doll","Membership Card"],"cards":["Rampage","Twin Strike","Warcry","Double Tap","Demon Form","Flash of Steel","The Bomb"],"potions":["Fruit Juice","EssenceOfSteel","Energy Potion"]},{"floor":13,"relics":["Molten Egg 2","War Paint","Orrery"],"cards":["Perfected Strike","Sever Soul","Armaments","Feel No Pain","Deep Breath","The Bomb"],"potions":["Strength Potion","SmokeBomb","Weak Potion"]},{"floor":21,"relics":["Juzu Bracelet","InkBottle","PrismaticShard"],"cards":["Iron Wave","Whirlwind","Armaments","Warcry","Feel No Pain","Purity","Chrysalis"],"potions":["ElixirPotion","PowerPotion","Fire Potion"]}],"circlet_count":0,"master_deck":["AscendersBane","Defend_R","Defend_R","Defend_R","Bash+1","Blood for Blood+1","Impervious","Warcry","Inflame+1","Immolate+1","Second Wind","Bloodletting","Offering+1","Bite","Bite","Bite","Bite","Bite","Power Through","Shrug It Off","Pommel Strike+1","Pommel Strike+1"],"special_seed":0,"potion_use_per_floor":[[],[],[],[],[],[],[],[],[],["Fire Potion"],[],[],[],[],[],["AttackPotion"],[],["Swift Potion"],[],[],[],[],[],[],[],[],["LiquidMemories"],[],[],[],[],[],[]],"relics":["Burning Blood","NeowsBlessing","Omamori","MealTicket","Whetstone","The Courier","Sozu","PreservedInsect","Strawberry","Anchor","Incense Burner","Orichalcum","StrikeDummy"],"potions_floor_usage":[27],"damage_taken":[{"damage":0.0,"enemies":"Cultist","floor":1.0,"turns":1.0},{"damage":0.0,"enemies":"2 Louse","floor":4.0,"turns":1.0},{"damage":0.0,"enemies":"Lagavulin","floor":6.0,"turns":1.0},{"damage":5.0,"enemies":"Small Slimes","floor":7.0,"turns":3.0},{"damage":30.0,"enemies":"3 Sentries","floor":10.0,"turns":7.0},{"damage":6.0,"enemies":"Gremlin Nob","floor":14.0,"turns":3.0},{"damage":44.0,"enemies":"Hexaghost","floor":16.0,"turns":9.0},{"damage":20.0,"enemies":"Spheric Guardian","floor":18.0,"turns":3.0},{"damage":6.0,"enemies":"Gremlin Leader","floor":23.0,"turns":3.0},{"damage":23.0,"enemies":"Book of Stabbing","floor":25.0,"turns":2.0},{"damage":9,"enemies":"Gremlin Leader","floor":27,"turns":2},{"damage":12,"enemies":"3 Byrds","floor":28,"turns":7},{"damage":19,"enemies":"Snecko","floor":29,"turns":6},{"damage":2,"enemies":"Sentry and Sphere","floor":30,"turns":3},{"damage":15,"enemies":"Slavers","floor":31,"turns":4},{"damage":84,"enemies":"Collector","floor":33,"turns":9}],"green_key_taken_log":6,"seed_played":"-2283095762678039395","neow_bonus_log":{"cardsObtained":[],"cardsUpgraded":[],"cardsRemoved":[],"cardsTransformed":[],"relicsObtained":["NeowsBlessing"],"maxHpGained":0,"goldGained":0,"damageTaken":0,"goldLost":0,"maxHpLost":0},"potions_obtained":[{"floor":4.0,"key":"LiquidMemories"},{"floor":7.0,"key":"Fire Potion"},{"floor":14.0,"key":"AttackPotion"},{"floor":16.0,"key":"Swift Potion"}],"is_trial":false,"path_per_floor":["M","?","$","M","$","E","M","R","T","E","?","R","$","E","R","B",null,"M","?","?","$","?","E","R","E","T","E","M","M","M","E","R","B"],"character_chosen":"IRONCLAD","basemod:card_modifiers":[null,null,null,null,null,null,null,null,null,null,null,null,null,null,null,null,null,null,null,null,null,null],"items_purchased":["Impervious","Second Wind","PreservedInsect"],"campfire_rested":0,"item_purchase_floors":[3,13,21],"current_hp_per_floor":[74,74,74,75,75,75,75,75,75,51,40,40,55,55,55,17,61,47,47,34,49,56,64,64,53,53,58,64,53,64,59,59,0],"gold":195,"neow_bonus":"THREE_ENEMY_KILL","is_prod":false,"is_daily":false,"rewards_skipped":[{"floor":18,"relics":[],"potions":["SteroidPotion"]},{"floor":25,"relics":["Bottled Tornado"],"potions":[]},{"floor":28,"relics":[],"potions":["ColorlessPotion"]},{"floor":30,"relics":[],"potions":["AttackPotion"]},{"floor":31,"relics":[],"potions":["Regen Potion"]}],"chose_seed":false,"campfire_upgraded":5,"win_rate":0,"floor_exit_playtime":[54,59,99,117,132,245,280,300,303,406,430,436,498,571,586,688,724,771,777,791,807,812,856,875,992,994,1118,1260,1361,1477,1562,1572],"timestamp":1698778787,"path_taken":["M","?","$","M","$","E","M","R","T","E","?","R","$","E","R","BOSS","M","?","?","$","?","E","R","E","T","E","M","M","M","E","R","BOSS"],"build_version":"2022-12-01","purchased_purges":2,"victory":false,"max_hp_per_floor":[75,75,75,75,75,75,75,75,75,75,75,75,75,75,75,75,75,75,52,57,57,64,64,64,64,64,64,64,64,64,64,64,64],"relic_stats":{"Sozu":4,"counters":[16,64],"MealTicket":30,"The Courier":32,"PreservedInsect":176,"Omamori":1,"Whetstone":["Strike_R","Bash"],"Orichalcum":[48],"obtain_stats":[{"NeowsBlessing":0,"The Courier":14,"PreservedInsect":21,"Omamori":6,"Incense Burner":26,"Whetstone":10,"Orichalcum":27,"Burning Blood":0,"Sozu":17,"Anchor":23,"Strawberry":22,"MealTicket":9,"StrikeDummy":31},{"NeowsBlessing":0,"The Courier":6,"PreservedInsect":8,"Omamori":3,"Incense Burner":10,"Whetstone":5,"Orichalcum":11,"Burning Blood":0,"Sozu":7,"Anchor":9,"Strawberry":8,"MealTicket":4,"StrikeDummy":15},{"NeowsBlessing":0,"The Courier":16,"PreservedInsect":28,"Omamori":3,"Incense Burner":33,"Whetstone":13,"Orichalcum":35,"Burning Blood":0,"Sozu":25,"Anchor":31,"Strawberry":28,"MealTicket":6,"StrikeDummy":55}],"Burning Blood":71},"card_choices":[{"not_picked":["Thunderclap","Flex"],"picked":"Blood for Blood","floor":1.0},{"not_picked":["Seeing Red","Cleave"],"picked":"Warcry","floor":4.0},{"not_picked":["Thunderclap","Uppercut","Limit Break"],"picked":"SKIP","floor":6.0},{"not_picked":["Cleave","Entrench"],"picked":"Inflame","floor":7.0},{"not_picked":["Warcry","Battle Trance"],"picked":"Immolate","floor":10.0},{"not_picked":["Hemokinesis","Carnage"],"picked":"Bloodletting","floor":14.0},{"not_picked":["Limit Break","Demon Form"],"picked":"Offering","floor":16.0},{"not_picked":["Flex","Anger","Iron Wave"],"picked":"SKIP","floor":18.0},{"not_picked":["Sever Soul","Thunderclap","Berserk"],"picked":"SKIP","floor":23.0},{"not_picked":["True Grit","Sword Boomerang"],"picked":"Power Through","floor":25.0},{"not_picked":["Body Slam+1","Heavy Blade"],"picked":"Shrug It Off","floor":27},{"not_picked":["Heavy Blade","Body Slam","Twin Strike"],"picked":"SKIP","floor":28},{"not_picked":["Heavy Blade","Havoc"],"picked":"Pommel Strike+1","floor":29},{"not_picked":["Armaments","Wild Strike+1"],"picked":"Pommel Strike","floor":30},{"not_picked":["Sever Soul","Iron Wave","Flex"],"picked":"SKIP","floor":31}],"player_experience":210316,"relics_obtained":[{"floor":6.0,"key":"Omamori"},{"floor":9.0,"key":"MealTicket"},{"floor":10.0,"key":"Whetstone"},{"floor":14.0,"key":"The Courier"},{"floor":23.0,"key":"Anchor"},{"floor":26.0,"key":"Incense Burner"},{"floor":27,"key":"Orichalcum"},{"floor":31,"key":"StrikeDummy"}],"event_choices":[{"damage_healed":0.0,"max_hp_gain":0.0,"max_hp_loss":0.0,"gold_gain":150.0,"event_name":"Liars Game","player_choice":"AGREE","floor":2.0,"gold_loss":0.0,"damage_taken":0.0,"cards_obtained":["Doubt"]},{"damage_healed":0.0,"max_hp_gain":0.0,"max_hp_loss":0.0,"gold_gain":0.0,"event_name":"Wheel of Change","player_choice":"Damaged","floor":11.0,"gold_loss":0.0,"damage_taken":11.0},{"damage_healed":0.0,"max_hp_gain":0.0,"max_hp_loss":23.0,"gold_gain":0.0,"event_name":"Vampires","player_choice":"Became a vampire","floor":19.0,"gold_loss":0.0,"damage_taken":0.0,"cards_obtained":["Bite","Bite","Bite","Bite","Bite"]},{"damage_healed":0.0,"max_hp_gain":5.0,"max_hp_loss":0.0,"gold_gain":0.0,"event_name":"Forgotten Altar","player_choice":"Shed Blood","floor":20.0,"gold_loss":0.0,"damage_taken":18.0},{"damage_healed":0.0,"max_hp_gain":0.0,"max_hp_loss":0.0,"gold_gain":0.0,"event_name":"The Mausoleum","player_choice":"Opened","floor":22.0,"gold_loss":0.0,"damage_taken":0.0,"relics_obtained":["Strawberry"],"cards_obtained":["Writhe"]}],"is_beta":false,"boss_relics":[{"not_picked":["Black Star","Black Blood"],"picked":"Sozu"}],"items_purged_floors":[3,5],"is_endless":false,"potions_floor_spawned":[4,7,14,16,18,28,30,31],"killed_by":"Collector","ascension_level":20,"potion_discard_per_floor":[[],[],[],[],[],[],[],[],[],[],[],[],[],[],[],[],[],[],[],[],[],[],[],[],[],[],[],[],[],[],[],[],[]]}