{"neow_bonuses_skipped_log":["RANDOM_COLORLESS","ONE_RARE_RELIC","BOSS_RELIC"],"potions_obtained_entropic_brew":[[],[],[],[],[],[],[],[]],"neow_costs_skipped_log":["NONE","NO_GOLD","NONE"],"gold_per_floor":[217,236,254,19,37,63,63,63],"floor_reached":8,"playtime":564,"items_purged":[],"score":116,"play_id":"311893e4-693f-48b3-96fd-75cf9c27a27e","local_time":"20231117164441","score_breakdown":["Floors Climbed (8): 40","Enemies Slain (4): 8","Exordium Elites Killed (1): 10","Bosses Slain (0): 0","Ascension (20): 58"],"is_ascension_mode":true,"potions_obtained_alchemize":[[],[],[],[],[],[],[],[]],"campfire_choices":[{"data":"Bash","floor":7,"key":"SMITH"}],"lesson_learned_per_floor":[[],[],[],[],[],[],[],[]],"neow_cost":"NONE","improvable_cards":{},"seed_source_timestamp":132341794405791,"shop_contents":[{"floor":4,"relics":["Pen Nib","Pantograph"],"cards":["Clash","Thunderclap","Double Tap","Havoc","Dramatic Entrance","Secret Weapon"],"potions":["ElixirPotion","HeartOfIron"]}],"circlet_count":0,"master_deck":["AscendersBane","Strike_R","Strike_R","Strike_R","Strike_R","Strike_R","Defend_R","Defend_R","Defend_R","Defend_R","Bash+1","Pummel","Fire Breathing","Evolve","Thunderclap"],"special_seed":0,"potion_use_per_floor":[[],[],[],[],[],["Dexterity Potion"],[],["Fruit Juice"]],"relics":["Burning Blood","Membership Card","Juzu Bracelet"],"potions_floor_usage":[6,8],"damage_taken":[{"damage":9.0,"enemies":"Jaw Worm","floor":1.0,"turns":4.0},{"damage":1.0,"enemies":"2 Louse","floor":2.0,"turns":2.0},{"damage":15.0,"enemies":"Small Slimes","floor":3.0,"turns":3.0},{"damage":14,"enemies":"3 Louse","floor":5,"turns":5},{"damage":23,"enemies":"3 Sentries","floor":6,"turns":4},{"damage":30,"enemies":"Gremlin Gang","floor":8,"turns":3}],"seed_played":"6466910918856124395","neow_bonus_log":{"cardsObtained":[],"cardsUpgraded":[],"cardsRemoved":[],"cardsTransformed":[],"relicsObtained":[],"maxHpGained":0,"goldGained":100,"damageTaken":0,"goldLost":0,"maxHpLost":0},"potions_obtained":[{"floor":5,"key":"Dexterity Potion"},{"floor":6,"key":"Fruit Juice"}],"is_trial":false,"path_per_floor":["M","M","M","$","M","E","R","M"],"character_chosen":"IRONCLAD","basemod:card_modifiers":[null,null,null,null,null,null,null,null,null,null,null,null,null,null,null],"items_purchased":["Membership Card","BlessingOfTheForge","Evolve"],"campfire_rested":0,"item_purchase_floors":[4,4,4],"current_hp_per_floor":[65,70,61,61,53,36,36,11],"gold":63,"neow_bonus":"HUNDRED_GOLD","is_prod":false,"is_daily":false,"rewards_skipped":[],"chose_seed":false,"campfire_upgraded":1,"win_rate":0,"floor_exit_playtime":[145,175,266,309,397,470,488],"timestamp":1700257481,"path_taken":["M","M","M","$","M","E","R","M"],"build_version":"2022-12-01","purchased_purges":0,"victory":false,"max_hp_per_floor":[75,75,75,75,75,75,75,80],"relic_stats":{"counters":[6,21],"Juzu Bracelet":0,"Membership Card":71,"obtain_stats":[{"Juzu Bracelet":6,"Membership Card":4,"Burning Blood":0},{"Juzu Bracelet":5,"Membership Card":3,"Burning Blood":0},{"Juzu Bracelet":18,"Membership Card":9,"Burning Blood":0}],"Burning Blood":30},"card_choices":[{"not_picked":["Havoc","Iron Wave"],"picked":"Pummel","floor":1.0},{"not_picked":["Shrug It Off","Anger"],"picked":"Fire Breathing","floor":2.0},{"not_picked":["Clash","Armaments","Clothesline"],"picked":"SKIP","floor":3.0},{"not_picked":["Metallicize","Body Slam"],"picked":"Thunderclap","floor":5},{"not_picked":["Dual Wield","Warcry","Metallicize"],"picked":"SKIP","floor":6}],"player_experience":202123,"relics_obtained":[{"floor":6,"key":"Juzu Bracelet"}],"event_choices":[],"is_beta":false,"boss_relics":[],"items_purged_floors":[],"is_endless":false,"potions_floor_spawned":[5,6],"killed_by":"Gremlin Gang","ascension_level":20,"potion_discard_per_floor":[[],[],[],[],[],[],[],[]]}