{"neow_bonuses_skipped_log":["THREE_ENEMY_KILL"],"potions_obtained_entropic_brew":[[],[],[],[],[],[],[],[],[],[],[],[],[],[],[],[],[],[],[],[],[],[],[],[],[],[],[],[],[],[],[],[],[],[],[],[],[],[],[],[],[],[],[],[],[],[],[],[],[],[],[]],"neow_costs_skipped_log":["NONE"],"gold_per_floor":[115,115,135,146,157,157,190,203,203,218,218,1,13,41,41,115,115,134,147,162,162,180,180,205,205,255,170,170,82,109,9,9,86,86,96,96,107,120,420,420,447,462,485,485,147,167,185,237,237,237,237],"floor_reached":51,"playtime":5177,"items_purged":["Strike_R","Wild Strike"],"score":1433,"play_id":"d6a407eb-eeba-416a-b1e1-b1c72cfbd76a","local_time":"20231117133701","score_breakdown":["Floors Climbed (51): 255","Enemies Slain (17): 34","Exordium Elites Killed (2): 20","City Elites Killed (2): 40","Beyond Elites Killed (1): 30","Bosses Slain (3): 300","Well Fed: 25","Champion (1): 25","Ascension (20): 704"],"is_ascension_mode":true,"potions_obtained_alchemize":[[],[],[],[],[],[],[],[],[],[],[],[],[],[],[],[],[],[],[],[],[],[],[],[],[],[],[],[],[],[],[],[],[],[],[],[],[],[],[],[],[],[],[],[],[],[],[],[],[],[],[]],"campfire_choices":[{"data":"Inflame","floor":6.0,"key":"SMITH"},{"data":"Immolate","floor":11.0,"key":"SMITH"},{"data":"Battle Trance","floor":15.0,"key":"SMITH"},{"data":"Immolate","floor":23.0,"key":"SMITH"},{"data":"Pommel Strike","floor":25.0,"key":"SMITH"},{"data":"Pommel Strike","floor":28.0,"key":"SMITH"},{"data":"Double Tap","floor":32.0,"key":"SMITH"},{"data":"Rage","floor":40.0,"key":"SMITH"},{"floor":44,"key":"RECALL"},{"floor":49,"key":"REST"}],"lesson_learned_per_floor":[[],[],[],[],[],[],[],[],[],[],[],[],[],[],[],[],[],[],[],[],[],[],[],[],[],[],[],[],[],[],[],[],[],[],[],[],[],[],[],[],[],[],[],[],[],[],[],[],[],[],[]],"neow_cost":"NONE","improvable_cards":{},"seed_source_timestamp":0,"shop_contents":[{"floor":12,"relics":["Pear","Question Card","Orrery"],"cards":["Thunderclap","Clash","Havoc","True Grit","Good Instincts","Secret Weapon"],"potions":["LiquidBronze","LiquidBronze"]},{"floor":29,"relics":["Letter Opener","Regal Pillow","OrangePellets"],"cards":["Clothesline","Uppercut","Shrug It Off","Armaments","Deep Breath","The Bomb"],"potions":["PowerPotion","FairyPotion","DistilledChaos"]},{"floor":31,"relics":["Boot","Magic Flower","DollysMirror"],"cards":["Twin Strike","Fiend Fire","Seeing Red","Spot Weakness","Combust","Dark Shackles","Transmutation"],"potions":["SpeedPotion","Swift Potion","Fire Potion"]},{"floor":45,"relics":["Eternal Feather","Lee\u0027s Waffle"],"cards":["Body Slam","Anger","Shrug It Off","Spot Weakness","Berserk","Discovery","Transmutation"],"potions":["BloodPotion","Ancient Potion","Explosive Potion"]}],"circlet_count":0,"master_deck":["AscendersBane","Bash","Pommel Strike+1","Pommel Strike+1","Inflame+1","Immolate+1","Battle Trance+1","Shrug It Off","Inflame","Fiend Fire+1","Impervious","Immolate+1","Clash","Rage+1","Reckless Charge","Double Tap+1","Clash","Power Through","Impervious","Evolve","Warcry+1","Limit Break","Warcry+1","Finesse","Enlightenment","Enlightenment","Parasite","Reckless Charge"],"special_seed":0,"potion_use_per_floor":[[],[],[],[],[],[],["PowerPotion"],["DistilledChaos"],[],[],[],[],[],["Weak Potion"],[],["Energy Potion"],[],[],[],[],[],["BloodPotion"],[],[],[],[],[],[],[],["Regen Potion"],[],[],["Energy Potion"],[],[],[],[],["SpeedPotion"],[],[],["Weak Potion"],["Explosive Potion"],[],[],[],[],[],[],[],["DuplicationPotion"],[]],"relics":["Burning Blood","Mango","Pocketwatch","Bottled Lightning","Pandora\u0027s Box","Torii","Centennial Puzzle","StrikeDummy","Happy Flower","Mark of Pain","Bottled Tornado","Incense Burner","Lizard Tail"],"potions_floor_usage":[41,42,50],"damage_taken":[{"damage":3.0,"enemies":"Small Slimes","floor":1.0,"turns":4.0},{"damage":6.0,"enemies":"Cultist","floor":3.0,"turns":3.0},{"damage":7.0,"enemies":"2 Louse","floor":4.0,"turns":3.0},{"damage":29.0,"enemies":"Exordium Wildlife","floor":5.0,"turns":4.0},{"damage":35.0,"enemies":"Lagavulin","floor":7.0,"turns":6.0},{"damage":4.0,"enemies":"Red Slaver","floor":8.0,"turns":3.0},{"damage":12.0,"enemies":"Lots of Slimes","floor":10.0,"turns":2.0},{"damage":2.0,"enemies":"2 Fungi Beasts","floor":13.0,"turns":2.0},{"damage":19.0,"enemies":"Gremlin Nob","floor":14.0,"turns":4.0},{"damage":14.0,"enemies":"The Guardian","floor":16.0,"turns":17.0},{"damage":27.0,"enemies":"Shell Parasite","floor":18.0,"turns":3.0},{"damage":12.0,"enemies":"Chosen","floor":19.0,"turns":3.0},{"damage":7.0,"enemies":"Centurion and Healer","floor":20.0,"turns":6.0},{"damage":0.0,"enemies":"Cultist and Chosen","floor":22.0,"turns":3.0},{"damage":0.0,"enemies":"Gremlin Leader","floor":24.0,"turns":3.0},{"damage":29.0,"enemies":"Book of Stabbing","floor":30.0,"turns":3.0},{"damage":45.0,"enemies":"Collector","floor":33.0,"turns":8.0},{"damage":7.0,"enemies":"3 Shapes","floor":35.0,"turns":3.0},{"damage":1.0,"enemies":"3 Darklings","floor":37.0,"turns":3.0},{"damage":0.0,"enemies":"Sphere and 2 Shapes","floor":38.0,"turns":6.0},{"damage":26,"enemies":"Giant Head","floor":41,"turns":7},{"damage":0,"enemies":"Spire Growth","floor":42,"turns":4},{"damage":32,"enemies":"Writhing Mass","floor":46,"turns":5},{"damage":11,"enemies":"4 Shapes","floor":47,"turns":5},{"damage":27,"enemies":"2 Orb Walkers","floor":48,"turns":5},{"damage":59,"enemies":"Awakened One","floor":50,"turns":10},{"damage":60,"enemies":"Time Eater","floor":51,"turns":4}],"green_key_taken_log":30,"seed_played":"-5551135978487392123","neow_bonus_log":{"cardsObtained":[],"cardsUpgraded":[],"cardsRemoved":[],"cardsTransformed":[],"relicsObtained":[],"maxHpGained":7,"goldGained":0,"damageTaken":0,"goldLost":0,"maxHpLost":0},"potions_obtained":[{"floor":5.0,"key":"PowerPotion"},{"floor":7.0,"key":"DistilledChaos"},{"floor":10.0,"key":"Weak Potion"},{"floor":14.0,"key":"Energy Potion"},{"floor":20.0,"key":"Energy Potion"},{"floor":22.0,"key":"SmokeBomb"},{"floor":24.0,"key":"Regen Potion"},{"floor":33.0,"key":"Weak Potion"},{"floor":35.0,"key":"SpeedPotion"},{"floor":41,"key":"Explosive Potion"},{"floor":47,"key":"DuplicationPotion"}],"is_trial":false,"path_per_floor":["M","?","M","M","M","R","E","M","T","M","R","$","M","E","R","B",null,"M","M","M","?","M","R","E","R","T","?","R","$","E","$","R","B",null,"M","?","M","M","?","R","E","M","T","R","$","M","M","?","R","B","B"],"character_chosen":"IRONCLAD","basemod:card_modifiers":[null,null,null,null,null,null,null,null,null,null,null,null,null,null,null,null,null,null,null,null,null,null,null,null,null,null,null,null],"items_purchased":["Inflame","BloodPotion","Evolve","Incense Burner"],"campfire_rested":1,"item_purchase_floors":[12,12,29,45],"current_hp_per_floor":[78,78,78,77,54,54,39,41,41,35,35,35,39,26,26,18,77,56,50,49,49,74,74,80,80,80,80,80,80,66,66,66,27,79,78,68,73,79,79,79,59,65,65,65,65,39,34,13,41,53,0],"gold":237,"neow_bonus":"TEN_PERCENT_HP_BONUS","is_prod":false,"is_daily":false,"rewards_skipped":[{"floor":37,"relics":[],"potions":["LiquidBronze"]}],"chose_seed":false,"campfire_upgraded":8,"win_rate":0,"floor_exit_playtime":[105,128,155,204,293,311,422,465,468,522,533,636,673,836,851,1205,1331,1441,1507,1719,1753,1855,1872,1930,1959,1968,1985,2020,2035,2194,2236,2354,2694,2831,3037,3113,3270,3452,3476,3526,3798,3963,3972,3978,4019,4337,4474,4705,4710,5035],"timestamp":1700246221,"blue_key_relic_skipped_log":{"floor":43,"relicID":"Nunchaku"},"path_taken":["M","?","M","M","M","R","E","M","T","M","R","$","M","E","R","BOSS","M","M","M","?","?","R","E","R","T","?","R","$","E","$","R","BOSS","M","?","M","M","?","R","E","?","T","R","$","M","?","?","R","BOSS","BOSS"],"build_version":"2022-12-01","purchased_purges":2,"victory":false,"max_hp_per_floor":[82,82,82,82,82,82,96,96,96,96,96,96,96,96,96,96,96,96,96,96,96,96,96,96,96,96,96,96,96,96,96,96,96,96,96,96,96,96,96,96,96,96,96,96,96,96,96,96,96,96,96],"relic_stats":{"Centennial Puzzle":[30],"Lizard Tail":48,"Torii":10,"Happy Flower":[20],"counters":[27,129],"Pandora\u0027s Box":["Impervious","Immolate","Clash","Rage","Reckless Charge","Double Tap","Clash","Wild Strike"],"Bottled Lightning":"Battle Trance","Bottled Tornado":"Evolve","obtain_stats":[{"Torii":24,"Happy Flower":30,"Mango":7,"Incense Burner":45,"Bottled Tornado":41,"Burning Blood":0,"Centennial Puzzle":26,"Lizard Tail":48,"Pandora\u0027s Box":17,"Mark of Pain":34,"Bottled Lightning":14,"StrikeDummy":27,"Pocketwatch":9},{"Torii":15,"Happy Flower":16,"Mango":5,"Incense Burner":22,"Bottled Tornado":21,"Burning Blood":0,"Centennial Puzzle":15,"Lizard Tail":25,"Pandora\u0027s Box":10,"Mark of Pain":17,"Bottled Lightning":9,"StrikeDummy":15,"Pocketwatch":6},{"Torii":66,"Happy Flower":69,"Mango":20,"Incense Burner":100,"Bottled Tornado":96,"Burning Blood":0,"Centennial Puzzle":66,"Lizard Tail":115,"Pandora\u0027s Box":48,"Mark of Pain":77,"Bottled Lightning":31,"StrikeDummy":66,"Pocketwatch":23}],"Burning Blood":156,"Pocketwatch":[163]},"card_choices":[{"not_picked":["Havoc","Headbutt"],"picked":"Pommel Strike","floor":1.0},{"not_picked":["Cleave","Thunderclap"],"picked":"Pommel Strike","floor":3.0},{"not_picked":["Clash","Spot Weakness","Clothesline"],"picked":"SKIP","floor":4.0},{"not_picked":["Pommel Strike","Flex"],"picked":"Inflame","floor":5.0},{"not_picked":["Anger","Rampage"],"picked":"Immolate","floor":7.0},{"not_picked":["Body Slam","Clash"],"picked":"Battle Trance","floor":8.0},{"not_picked":["Wild Strike","Uppercut"],"picked":"Shrug It Off","floor":10.0},{"not_picked":["Second Wind","True Grit","Wild Strike"],"picked":"SKIP","floor":13.0},{"not_picked":["Sever Soul","Uppercut","Infernal Blade"],"picked":"SKIP","floor":14.0},{"not_picked":["Barricade","Reaper"],"picked":"Fiend Fire","floor":16.0},{"not_picked":["Pommel Strike","Wild Strike","Flex"],"picked":"SKIP","floor":18.0},{"not_picked":["Pommel Strike","Wild Strike","Flex"],"picked":"SKIP","floor":18.0},{"not_picked":["Thunderclap","Pummel","Body Slam"],"picked":"SKIP","floor":19.0},{"not_picked":["Havoc","Wild Strike","Metallicize"],"picked":"SKIP","floor":20.0},{"not_picked":["Rupture","Perfected Strike"],"picked":"Power Through","floor":22.0},{"not_picked":["Intimidate","True Grit"],"picked":"Impervious","floor":24.0},{"not_picked":["Corruption","Rupture"],"picked":"Warcry+1","floor":30.0},{"not_picked":["Juggernaut","Barricade"],"picked":"Limit Break","floor":33.0},{"not_picked":["Perfected Strike","True Grit"],"picked":"Warcry+1","floor":35.0},{"not_picked":["Flash of Steel","Good Instincts"],"picked":"Finesse","floor":36.0},{"not_picked":["Discovery","Blind"],"picked":"Enlightenment","floor":36.0},{"not_picked":["Transmutation","Mind Blast"],"picked":"Enlightenment","floor":36.0},{"not_picked":["Anger","Armaments","Cleave"],"picked":"SKIP","floor":37.0},{"not_picked":["Dual Wield+1","Fire Breathing","Armaments"],"picked":"SKIP","floor":38.0},{"not_picked":["Twin Strike","Flex","Perfected Strike"],"picked":"SKIP","floor":41},{"not_picked":["Havoc","Warcry","Clothesline"],"picked":"SKIP","floor":42},{"not_picked":["Pommel Strike","Anger+1","Armaments"],"picked":"SKIP","floor":46},{"not_picked":["Heavy Blade","Metallicize+1","Dual Wield"],"picked":"SKIP","floor":47},{"not_picked":["Clash","Anger"],"picked":"Reckless Charge","floor":48}],"player_experience":194106,"relics_obtained":[{"floor":7.0,"key":"Mango"},{"floor":9.0,"key":"Pocketwatch"},{"floor":14.0,"key":"Bottled Lightning"},{"floor":24.0,"key":"Torii"},{"floor":26.0,"key":"Centennial Puzzle"},{"floor":30.0,"key":"Happy Flower"},{"floor":41,"key":"Bottled Tornado"},{"floor":48,"key":"Lizard Tail"}],"event_choices":[{"damage_healed":0.0,"max_hp_gain":0.0,"max_hp_loss":0.0,"gold_gain":0.0,"event_name":"Liars Game","player_choice":"Ignored","floor":2.0,"gold_loss":0.0,"damage_taken":0.0},{"damage_healed":0.0,"max_hp_gain":0.0,"max_hp_loss":0.0,"gold_gain":0.0,"event_name":"Upgrade Shrine","player_choice":"Upgraded","floor":21.0,"gold_loss":0.0,"damage_taken":0.0,"cards_upgraded":["Fiend Fire"]},{"damage_healed":0.0,"max_hp_gain":0.0,"max_hp_loss":0.0,"gold_gain":0.0,"event_name":"Addict","player_choice":"Obtained Relic","floor":27.0,"gold_loss":85.0,"damage_taken":0.0,"relics_obtained":["StrikeDummy"]},{"damage_healed":0.0,"max_hp_gain":0.0,"max_hp_loss":0.0,"gold_gain":0.0,"event_name":"SensoryStone","player_choice":"Memory 3","floor":36.0,"gold_loss":0.0,"damage_taken":10.0},{"damage_healed":0.0,"max_hp_gain":0.0,"max_hp_loss":0.0,"gold_gain":300.0,"event_name":"Wheel of Change","player_choice":"Gold","floor":39.0,"gold_loss":0.0,"damage_taken":0.0},{"damage_healed":0,"gold_gain":0,"player_choice":"Fight","damage_taken":0,"max_hp_gain":0,"max_hp_loss":0,"event_name":"Mysterious Sphere","floor":48,"gold_loss":0}],"is_beta":false,"boss_relics":[{"not_picked":["Black Blood","Calling Bell"],"picked":"Pandora\u0027s Box"},{"not_picked":["Busted Crown","Coffee Dripper"],"picked":"Mark of Pain"}],"items_purged_floors":[12,31],"is_endless":false,"potions_floor_spawned":[5,7,10,14,20,22,24,33,35,37,41,47],"killed_by":"Time Eater","ascension_level":20,"potion_discard_per_floor":[[],[],[],[],[],[],[],[],[],[],[],[],[],[],[],[],[],[],[],[],[],[],[],["SmokeBomb"],[],[],[],[],[],[],[],[],[],[],[],[],[],[],[],[],[],[],[],[],[],[],[],[],[],[],[]]}