{"neow_bonuses_skipped_log":["TRANSFORM_CARD","RANDOM_COMMON_RELIC","BOSS_RELIC"],"potions_obtained_entropic_brew":[[],[],[],[],[],[],[],[],[],[],[],[],[],[],[],[],[],[],[],[],[],[],[],[],[],[],[],[],[],[],[],[],[]],"neow_costs_skipped_log":["NONE","NONE","NONE"],"gold_per_floor":[364,377,4,16,31,31,57,72,72,84,117,47,47,47,47,124,124,144,155,47,57,57,57,37,67,139,139,155,155,175,200,200,200],"floor_reached":33,"playtime":2840,"items_purged":["Defend_R","Defend_R","Strike_R"],"score":694,"play_id":"3587e661-1a1a-4484-833b-f5de2ba7ca8c","local_time":"20231117162957","score_breakdown":["Floors Climbed (33): 165","Enemies Slain (11): 22","Exordium Elites Killed (2): 20","City Elites Killed (2): 40","Bosses Slain (1): 50","Perfect (1): 50","Ascension (20): 347"],"is_ascension_mode":true,"potions_obtained_alchemize":[[],[],[],[],[],[],[],[],[],[],[],[],[],[],[],[],[],[],[],[],[],[],[],[],[],[],[],[],[],[],[],[],[]],"campfire_choices":[{"data":"Inflame","floor":6.0,"key":"SMITH"},{"data":"Defend_R","floor":13,"key":"PURGE"},{"data":"Fire Breathing","floor":15,"key":"SMITH"},{"data":"Immolate","floor":23,"key":"SMITH"},{"data":"Power Through","floor":27,"key":"SMITH"},{"data":"Inflame","floor":29,"key":"SMITH"},{"data":"Dual Wield","floor":32,"key":"SMITH"}],"lesson_learned_per_floor":[[],[],[],[],[],[],[],[],[],[],[],[],[],[],[],[],[],[],[],[],[],[],[],[],[],[],[],[],[],[],[],[],[]],"neow_cost":"TEN_PERCENT_HP_LOSS","improvable_cards":{},"seed_source_timestamp":129160628374541,"shop_contents":[{"floor":3,"relics":["Mercury Hourglass"],"cards":["Heavy Blade","Hemokinesis","Shrug It Off","Seeing Red","Panacea","Panache"],"potions":["SkillPotion","EssenceOfSteel"]},{"floor":12,"relics":["Nunchaku","Ancient Tea Set","Cauldron"],"cards":["Feed","Reckless Charge","True Grit","Warcry","Bandage Up","Panache"],"potions":["FearPotion","Weak Potion","Swift Potion"]},{"floor":20,"relics":["FossilizedHelix","Meat on the Bone","Sling"],"cards":["Hemokinesis","Blood for Blood","Flex","Rage","Discovery","Panache"],"potions":["Energy Potion","Block Potion","Swift Potion"]}],"circlet_count":0,"master_deck":["AscendersBane","Strike_R","Strike_R","Strike_R","Bash","Wild Strike","Inflame+1","Fire Breathing+1","Power Through+1","Anger","Fire Breathing","Disarm","Inflame+1","Flex","Immolate+1","Second Wind","Feel No Pain","Bloodletting+1","Shrug It Off","Body Slam+1","Dual Wield+1","Immolate"],"special_seed":0,"potion_use_per_floor":[[],[],[],["Fruit Juice"],[],[],[],[],[],[],[],[],[],[],[],[],[],[],["Fruit Juice"],[],["Fire Potion"],[],[],[],["CultistPotion"],[],[],["Ancient Potion"],[],["PowerPotion"],["DuplicationPotion","FairyPotion"],[],["AttackPotion"]],"relics":["Burning Blood","Membership Card","Orichalcum","Peace Pipe","Mummified Hand","Calipers","Coffee Dripper","White Beast Statue","Self Forming Clay","Pantograph"],"potions_floor_usage":[19,21,25,28,30,31,33],"damage_taken":[{"damage":15.0,"enemies":"Small Slimes","floor":1.0,"turns":4.0},{"damage":2.0,"enemies":"Cultist","floor":2.0,"turns":4.0},{"damage":7.0,"enemies":"2 Louse","floor":4.0,"turns":3.0},{"damage":10.0,"enemies":"Looter","floor":5.0,"turns":3.0},{"damage":23.0,"enemies":"Lagavulin","floor":7.0,"turns":6.0},{"damage":0.0,"enemies":"Exordium Thugs","floor":8.0,"turns":3.0},{"damage":9,"enemies":"Blue Slaver","floor":10,"turns":3},{"damage":2,"enemies":"Gremlin Nob","floor":11,"turns":3},{"damage":0,"enemies":"Slime Boss","floor":16,"turns":5},{"damage":12,"enemies":"Chosen","floor":18,"turns":4},{"damage":8,"enemies":"3 Byrds","floor":19,"turns":4},{"damage":0,"enemies":"Centurion and Healer","floor":21,"turns":5},{"damage":37,"enemies":"Book of Stabbing","floor":25,"turns":5},{"damage":26,"enemies":"Chosen and Byrds","floor":28,"turns":5},{"damage":6,"enemies":"Cultist and Chosen","floor":30,"turns":4},{"damage":22,"enemies":"Slavers","floor":31,"turns":4},{"damage":69,"enemies":"Champ","floor":33,"turns":11}],"green_key_taken_log":7,"seed_played":"4515189653811147871","neow_bonus_log":{"cardsObtained":[],"cardsUpgraded":[],"cardsRemoved":[],"cardsTransformed":[],"relicsObtained":[],"maxHpGained":0,"goldGained":250,"damageTaken":0,"goldLost":0,"maxHpLost":7},"potions_obtained":[{"floor":2.0,"key":"Fruit Juice"},{"floor":4.0,"key":"FairyPotion"},{"floor":5.0,"key":"Fire Potion"},{"floor":11,"key":"Fruit Juice"},{"floor":19,"key":"Fire Potion"},{"floor":24,"key":"CultistPotion"},{"floor":25,"key":"Ancient Potion"},{"floor":28,"key":"PowerPotion"},{"floor":30,"key":"DuplicationPotion"},{"floor":31,"key":"AttackPotion"}],"is_trial":false,"path_per_floor":["M","M","$","M","M","R","E","M","T","M","E","$","R","?","R","B",null,"M","M","$","M","?","R","?","E","T","R","M","R","M","E","R","B"],"character_chosen":"IRONCLAD","basemod:card_modifiers":[null,null,null,null,null,null,null,null,null,null,null,null,null,null,null,null,null,null,null,null,null,null],"items_purchased":["Membership Card","Fire Breathing","Orichalcum","DuplicationPotion","Inflame","Feel No Pain"],"campfire_rested":0,"item_purchase_floors":[3,3,3,3,12,20],"current_hp_per_floor":[59,63,63,67,63,63,46,52,52,49,53,53,53,53,53,59,70,64,67,67,73,73,73,73,42,42,42,22,22,22,29,29,0],"gold":200,"neow_bonus":"TWO_FIFTY_GOLD","is_prod":false,"is_daily":false,"rewards_skipped":[{"floor":8,"relics":[],"potions":["FearPotion"]}],"chose_seed":false,"campfire_upgraded":6,"win_rate":0,"floor_exit_playtime":[121,201,258,310,381,432,498,531,535,579,622,666,679,685,701,774,811,864,1747,1812,1886,1897,1920,1928,2016,2020,2084,2215,2289,2413,2582,2590],"timestamp":1700256597,"path_taken":["M","M","$","M","M","R","E","M","T","M","E","$","R","?","R","BOSS","M","M","$","?","?","R","?","E","T","R","?","R","M","E","R","BOSS"],"build_version":"2022-12-01","purchased_purges":3,"victory":false,"max_hp_per_floor":[68,68,68,73,73,73,73,73,73,73,73,73,73,73,73,73,73,73,78,78,78,78,78,78,78,78,78,78,78,78,78,78,78],"relic_stats":{"Peace Pipe":1,"Calipers":[0],"counters":[17,76],"Mummified Hand":[46],"Self Forming Clay":[36],"Pantograph":25,"Membership Card":375,"Orichalcum":[204],"obtain_stats":[{"Peace Pipe":7,"Calipers":11,"Mummified Hand":9,"Self Forming Clay":26,"Pantograph":31,"Coffee Dripper":17,"Membership Card":3,"Orichalcum":3,"Burning Blood":0,"White Beast Statue":25},{"Peace Pipe":5,"Calipers":8,"Mummified Hand":6,"Self Forming Clay":13,"Pantograph":16,"Coffee Dripper":9,"Membership Card":2,"Orichalcum":2,"Burning Blood":0,"White Beast Statue":13},{"Peace Pipe":20,"Calipers":29,"Mummified Hand":23,"Self Forming Clay":52,"Pantograph":65,"Coffee Dripper":34,"Membership Card":8,"Orichalcum":8,"Burning Blood":0,"White Beast Statue":52}],"Burning Blood":96,"White Beast Statue":[0.0,0.024000000000000007,0.0,0.32800000000000007,0.0,0.5280000000000001,0.0,0.12000000000000002,0.0,0.0,0.0,1.2560000000000002]},"card_choices":[{"not_picked":["True Grit","Sword Boomerang"],"picked":"Wild Strike","floor":1.0},{"not_picked":["Body Slam","Sentinel"],"picked":"Inflame","floor":2.0},{"not_picked":["Spot Weakness","Intimidate"],"picked":"Power Through","floor":4.0},{"not_picked":["Rupture","Body Slam"],"picked":"Anger","floor":5.0},{"not_picked":["Seeing Red","Clothesline","True Grit"],"picked":"SKIP","floor":7.0},{"not_picked":["Blood for Blood","Dual Wield"],"picked":"Fire Breathing","floor":8.0},{"not_picked":["True Grit","Headbutt","Flex"],"picked":"SKIP","floor":10},{"not_picked":["Shrug It Off","Feel No Pain"],"picked":"Disarm","floor":11},{"not_picked":["Feed","Corruption"],"picked":"Immolate","floor":16},{"not_picked":["Combust","Sword Boomerang","Heavy Blade"],"picked":"SKIP","floor":18},{"not_picked":["Carnage+1","Cleave"],"picked":"Second Wind","floor":19},{"not_picked":["Heavy Blade","Entrench"],"picked":"Bloodletting+1","floor":21},{"not_picked":["Hemokinesis","Warcry"],"picked":"Shrug It Off","floor":25},{"not_picked":["Iron Wave","Clothesline"],"picked":"Body Slam+1","floor":28},{"not_picked":["Clash","Body Slam"],"picked":"Dual Wield","floor":30},{"not_picked":["Havoc","Inflame"],"picked":"Immolate","floor":31}],"player_experience":199283,"relics_obtained":[{"floor":7.0,"key":"Peace Pipe"},{"floor":9.0,"key":"Mummified Hand"},{"floor":11,"key":"Calipers"},{"floor":25,"key":"White Beast Statue"},{"floor":26,"key":"Self Forming Clay"},{"floor":31,"key":"Pantograph"}],"event_choices":[{"damage_healed":0,"gold_gain":0,"cards_transformed":["Defend_R"],"player_choice":"Transformed","damage_taken":0,"max_hp_gain":0,"max_hp_loss":0,"event_name":"Transmorgrifier","floor":14,"gold_loss":0,"cards_obtained":["Flex"]},{"cards_removed":["Strike_R"],"damage_healed":0,"gold_gain":0,"player_choice":"Elegance","damage_taken":0,"max_hp_gain":0,"max_hp_loss":0,"event_name":"Back to Basics","floor":22,"gold_loss":0},{"damage_healed":0,"gold_gain":0,"player_choice":"Bought 1 Potion","damage_taken":0,"max_hp_gain":0,"max_hp_loss":0,"event_name":"The Woman in Blue","floor":24,"gold_loss":0}],"is_beta":false,"boss_relics":[{"not_picked":["SacredBark","Busted Crown"],"picked":"Coffee Dripper"}],"items_purged_floors":[3,12,20],"is_endless":false,"potions_floor_spawned":[2,4,5,8,11,19,25,28,30,31],"killed_by":"Champ","ascension_level":20,"potion_discard_per_floor":[[],[],[],[],["DuplicationPotion"],[],[],[],[],[],["Fire Potion"],[],[],[],[],[],[],[],[],[],[],[],[],[],[],[],[],[],[],[],[],[],[]]}