{"neow_bonuses_skipped_log":["THREE_CARDS","THREE_ENEMY_KILL","RANDOM_COLORLESS_2"],"neow_costs_skipped_log":["NONE","NONE","NO_GOLD"],"potions_obtained_entropic_brew":[[],[],[],[],[],[],[],[],[],[],[]],"gold_per_floor":[118,138,138,163,163,163,202,221,247,247,247],"floor_reached":11,"playtime":629,"items_purged":[],"score":146,"play_id":"9ee6ec6f-6c61-4787-bbfc-8d94223d850e","local_time":"20231117015721","score_breakdown":["Floors Climbed (11): 55","Enemies Slain (4): 8","Exordium Elites Killed (1): 10","Bosses Slain (0): 0","Ascension (20): 73"],"is_ascension_mode":true,"potions_obtained_alchemize":[[],[],[],[],[],[],[],[],[],[],[]],"campfire_choices":[{"data":"Sword Boomerang","floor":6,"key":"SMITH"}],"lesson_learned_per_floor":[[],[],[],[],[],[],[],[],[],[],[]],"neow_cost":"NONE","improvable_cards":{},"seed_source_timestamp":84497797170209,"shop_contents":[],"circlet_count":0,"master_deck":["AscendersBane","Strike_R","Strike_R","Strike_R","Strike_R","Defend_R","Defend_R","Defend_R","Defend_R","Bash","Pommel Strike","Sword Boomerang+1","Pommel Strike","Armaments"],"potion_use_per_floor":[[],[],[],[],[],[],["Explosive Potion"],[],[],[],[]],"relics":["Mark of Pain","Golden Idol","Red Skull","Potion Belt","Omamori"],"potions_floor_usage":[7],"damage_taken":[{"damage":5,"enemies":"2 Louse","floor":1,"turns":3},{"damage":6,"enemies":"Small Slimes","floor":2,"turns":3},{"damage":2,"enemies":"Jaw Worm","floor":4,"turns":3},{"damage":8,"enemies":"Gremlin Nob","floor":7,"turns":3},{"damage":9,"enemies":"Exordium Wildlife","floor":8,"turns":3},{"damage":34,"enemies":"Lagavulin Event","floor":11,"turns":3}],"seed_played":"2479245338114957396","neow_bonus_log":{"cardsObtained":[],"cardsUpgraded":[],"cardsRemoved":[],"cardsTransformed":[],"relicsObtained":["Mark of Pain"],"maxHpGained":0,"goldGained":0,"damageTaken":0,"goldLost":0,"maxHpLost":0},"potions_obtained":[{"floor":4,"key":"Explosive Potion"}],"is_trial":false,"path_per_floor":["M","M","?","M","?","R","E","M","T","?","?"],"character_chosen":"IRONCLAD","basemod:card_modifiers":[null,null,null,null,null,null,null,null,null,null,null,null,null,null],"items_purchased":[],"campfire_rested":0,"item_purchase_floors":[],"current_hp_per_floor":[63,57,57,55,44,44,36,27,27,20,0],"gold":247,"neow_bonus":"BOSS_RELIC","is_prod":false,"is_daily":false,"rewards_skipped":[],"chose_seed":false,"campfire_upgraded":1,"win_rate":0,"floor_exit_playtime":[247,357,371,407,414,426,489,543,553,575],"timestamp":1700204241,"path_taken":["M","M","?","M","?","R","E","M","T","?","?"],"build_version":"2022-12-01","purchased_purges":0,"victory":false,"max_hp_per_floor":[75,75,68,68,68,68,68,68,68,68,68],"relic_stats":{"counters":[6,18],"Golden Idol":39,"Omamori":0,"obtain_stats":[{"Potion Belt":7,"Golden Idol":3,"Mark of Pain":0,"Omamori":9,"Burning Blood":0,"Red Skull":5},{"Potion Belt":4,"Golden Idol":2,"Mark of Pain":0,"Omamori":5,"Burning Blood":0,"Red Skull":3},{"Potion Belt":12,"Golden Idol":6,"Mark of Pain":0,"Omamori":15,"Burning Blood":0,"Red Skull":9}]},"card_choices":[{"not_picked":["Clash","Perfected Strike"],"picked":"Pommel Strike","floor":1},{"not_picked":["Heavy Blade","Spot Weakness"],"picked":"Sword Boomerang","floor":2},{"not_picked":["Blood for Blood","Infernal Blade"],"picked":"Pommel Strike","floor":4},{"not_picked":["Dual Wield","Combust","Bloodletting"],"picked":"SKIP","floor":7},{"not_picked":["Perfected Strike","Uppercut"],"picked":"Armaments","floor":8}],"player_experience":193477,"relics_obtained":[{"floor":7,"key":"Potion Belt"},{"floor":9,"key":"Omamori"}],"event_choices":[{"damage_healed":0,"gold_gain":0,"player_choice":"Lose Max HP","damage_taken":0,"relics_obtained":["Golden Idol"],"max_hp_gain":0,"max_hp_loss":7,"event_name":"Golden Idol","floor":3,"gold_loss":0},{"damage_healed":0,"gold_gain":0,"player_choice":"Success","damage_taken":11,"relics_obtained":["Red Skull"],"max_hp_gain":0,"max_hp_loss":0,"event_name":"Scrap Ooze","floor":5,"gold_loss":0},{"cards_removed":["Strike_R"],"damage_healed":0,"gold_gain":0,"player_choice":"Card Removal","damage_taken":7,"max_hp_gain":0,"max_hp_loss":0,"event_name":"Golden Wing","floor":10,"gold_loss":0},{"damage_healed":0,"gold_gain":0,"player_choice":"Searched \u00271\u0027 times","damage_taken":0,"max_hp_gain":0,"max_hp_loss":0,"event_name":"Dead Adventurer","floor":11,"gold_loss":0}],"is_beta":false,"boss_relics":[],"items_purged_floors":[],"is_endless":false,"potions_floor_spawned":[4],"killed_by":"Lagavulin Event","ascension_level":20,"potion_discard_per_floor":[[],[],[],[],[],[],[],[],[],[],[]]}