{"neow_bonuses_skipped_log":["THREE_SMALL_POTIONS","ONE_RARE_RELIC","BOSS_RELIC"],"neow_costs_skipped_log":["NONE","NO_GOLD","NONE"],"potions_obtained_entropic_brew":[[],[],[],[],[],[],[],[],[],[],[],[],[],[],[],[]],"gold_per_floor":[117,128,145,161,173,201,218,218,218,249,249,249,264,297,297,297],"floor_reached":16,"playtime":1226,"items_purged":[],"score":248,"play_id":"0b608919-07bb-43e1-9528-44a0bbc8033c","local_time":"20231122092027","score_breakdown":["Floors Climbed (16): 80","Enemies Slain (7): 14","Exordium Elites Killed (3): 30","Bosses Slain (0): 0","Ascension (20): 124"],"is_ascension_mode":true,"potions_obtained_alchemize":[[],[],[],[],[],[],[],[],[],[],[],[],[],[],[],[]],"campfire_choices":[{"data":"Dark Embrace","floor":8,"key":"SMITH"},{"floor":11,"key":"REST"},{"data":"Double Tap","floor":15,"key":"SMITH"}],"lesson_learned_per_floor":[[],[],[],[],[],[],[],[],[],[],[],[],[],[],[],[]],"neow_cost":"NONE","improvable_cards":{},"seed_source_timestamp":54709671137792,"shop_contents":[],"circlet_count":0,"master_deck":["AscendersBane","Strike_R","Strike_R","Strike_R","Strike_R","Strike_R","Defend_R","Defend_R","Defend_R","Bash","Reckless Charge","Rampage","Hemokinesis","Dark Embrace+1","Fire Breathing","Rampage","Double Tap+1","Headbutt+1","Disarm"],"potion_use_per_floor":[[],[],[],[],[],["PowerPotion"],[],[],[],["PowerPotion"],[],[],[],[],[],["BloodPotion"]],"relics":["Burning Blood","Matryoshka","Letter Opener","Question Card","Molten Egg 2","Darkstone Periapt"],"potions_floor_usage":[6,10,16],"damage_taken":[{"damage":1,"enemies":"Cultist","floor":1,"turns":3},{"damage":7,"enemies":"Small Slimes","floor":2,"turns":3},{"damage":2,"enemies":"2 Louse","floor":3,"turns":2},{"damage":10,"enemies":"2 Fungi Beasts","floor":4,"turns":4},{"damage":14,"enemies":"3 Louse","floor":5,"turns":3},{"damage":37,"enemies":"Gremlin Nob","floor":6,"turns":4},{"damage":11,"enemies":"Exordium Wildlife","floor":7,"turns":4},{"damage":15,"enemies":"Lagavulin","floor":10,"turns":5},{"damage":10,"enemies":"Red Slaver","floor":13,"turns":3},{"damage":30,"enemies":"3 Sentries","floor":14,"turns":4},{"damage":30,"enemies":"Hexaghost","floor":16,"turns":8}],"seed_played":"-6367087531683045891","neow_bonus_log":{"cardsObtained":["Reckless Charge"],"cardsUpgraded":[],"cardsRemoved":[],"cardsTransformed":["Defend_R"],"relicsObtained":[],"maxHpGained":0,"goldGained":0,"damageTaken":0,"goldLost":0,"maxHpLost":0},"potions_obtained":[{"floor":3,"key":"PowerPotion"},{"floor":6,"key":"Strength Potion"},{"floor":7,"key":"PowerPotion"},{"floor":10,"key":"Weak Potion"},{"floor":14,"key":"BloodPotion"}],"is_trial":false,"path_per_floor":["M","M","M","M","M","E","M","R","T","E","R","?","M","E","R","B"],"character_chosen":"IRONCLAD","basemod:card_modifiers":[null,null,null,null,null,null,null,null,null,null,null,null,null,null,null,null,null,null,null],"items_purchased":[],"campfire_rested":1,"item_purchase_floors":[],"current_hp_per_floor":[73,72,75,71,63,32,27,27,27,18,40,40,36,12,12,0],"gold":297,"neow_bonus":"TRANSFORM_CARD","is_prod":false,"is_daily":false,"rewards_skipped":[{"floor":13,"relics":[],"potions":["Weak Potion"]}],"chose_seed":false,"campfire_upgraded":2,"win_rate":0,"floor_exit_playtime":[359,403,424,485,540,624,720,733,737,872,883,890,947,1046,1119],"timestamp":1700662827,"path_taken":["M","M","M","M","M","E","?","R","T","E","R","?","M","E","R","BOSS"],"build_version":"2022-12-01","purchased_purges":0,"victory":false,"max_hp_per_floor":[75,75,75,75,75,75,75,75,75,75,75,75,75,75,75,75],"relic_stats":{"Darkstone Periapt":0,"Matryoshka":1,"counters":[11,43],"Letter Opener":[15],"Question Card":3,"obtain_stats":[{"Darkstone Periapt":14,"Matryoshka":6,"Molten Egg 2":10,"Letter Opener":9,"Question Card":9,"Burning Blood":0},{"Darkstone Periapt":10,"Matryoshka":6,"Molten Egg 2":8,"Letter Opener":7,"Question Card":7,"Burning Blood":0},{"Darkstone Periapt":35,"Matryoshka":19,"Molten Egg 2":28,"Letter Opener":23,"Question Card":23,"Burning Blood":0}],"Burning Blood":59},"card_choices":[{"not_picked":["Body Slam","True Grit"],"picked":"Rampage","floor":1},{"not_picked":["Wild Strike","Seeing Red"],"picked":"Hemokinesis","floor":2},{"not_picked":["Sword Boomerang","Perfected Strike"],"picked":"Dark Embrace","floor":3},{"not_picked":["Twin Strike","Flex","Infernal Blade"],"picked":"SKIP","floor":4},{"not_picked":["Clothesline","Shrug It Off"],"picked":"Fire Breathing","floor":5},{"not_picked":["Carnage","Rage"],"picked":"Rampage","floor":6},{"not_picked":["Pummel","Intimidate","Warcry"],"picked":"SKIP","floor":7},{"not_picked":["Wild Strike+1","Havoc","Carnage+1"],"picked":"Double Tap","floor":10},{"not_picked":["Blood for Blood+1","Wild Strike+1","Body Slam+1"],"picked":"Headbutt+1","floor":13},{"not_picked":["Thunderclap+1","Blood for Blood+1","Dropkick+1"],"picked":"Disarm","floor":14}],"player_experience":204177,"relics_obtained":[{"floor":6,"key":"Matryoshka"},{"floor":9,"key":"Letter Opener"},{"floor":9,"key":"Question Card"},{"floor":10,"key":"Molten Egg 2"},{"floor":14,"key":"Darkstone Periapt"}],"event_choices":[{"damage_healed":0,"gold_gain":0,"player_choice":"Ignored","damage_taken":0,"max_hp_gain":0,"max_hp_loss":0,"event_name":"Liars Game","floor":12,"gold_loss":0}],"is_beta":false,"boss_relics":[],"items_purged_floors":[],"is_endless":false,"potions_floor_spawned":[3,6,7,10,13,14],"killed_by":"Hexaghost","ascension_level":20,"potion_discard_per_floor":[[],[],[],[],[],[],[],[],[],[],[],[],[],["Weak Potion"],[],[]]}