{"neow_bonuses_skipped_log":["THREE_ENEMY_KILL","ONE_RARE_RELIC","BOSS_RELIC"],"neow_costs_skipped_log":["NONE","CURSE","NONE"],"potions_obtained_entropic_brew":[[],[],[],[],[],[],[],[],[],[],[],[],[],[],[],[],[],[],[],[],[],[],[],[],[],[],[],[],[],[],[],[],[],[],[],[],[],[],[],[],[],[]],"gold_per_floor":[109,128,139,156,175,175,33,59,85,117,129,129,129,158,158,237,237,255,255,265,285,285,285,298,312,312,312,312,345,365,365,365,440,440,452,452,452,468,468,498,498,498],"floor_reached":42,"playtime":4179,"items_purged":[],"score":986,"play_id":"5737aa3c-c30a-46db-9809-9ed753cd2384","local_time":"20231129142821","falling_options_log":["Burning Pact+1","Barricade+1"],"score_breakdown":["Floors Climbed (42): 210","Enemies Slain (14): 28","Exordium Elites Killed (3): 30","City Elites Killed (1): 20","Beyond Elites Killed (1): 30","Bosses Slain (2): 150","Champion (1): 25","Ascension (20): 493"],"is_ascension_mode":true,"potions_obtained_alchemize":[[],[],[],[],[],[],[],[],[],[],[],[],[],[],[],[],[],[],[],[],[],[],[],[],[],[],[],[],[],[],[],[],[],[],[],[],[],[],[],[],[],[]],"campfire_choices":[{"data":"Bash","floor":6.0,"key":"SMITH"},{"data":"Inflame","floor":12.0,"key":"SMITH"},{"data":"Pommel Strike","floor":15,"key":"SMITH"},{"data":"Corruption","floor":23,"key":"SMITH"},{"data":"Barricade","floor":27,"key":"SMITH"},{"data":"Rage","floor":32,"key":"SMITH"},{"floor":41,"key":"DIG"}],"lesson_learned_per_floor":[[],[],[],[],[],[],[],[],[],[],[],[],[],[],[],[],[],[],[],[],[],[],[],[],[],[],[],[],[],[],[],[],[],[],[],[],[],[],[],[],[],[]],"neow_cost":"NONE","improvable_cards":{},"seed_source_timestamp":44216700352083,"shop_contents":[{"floor":7,"relics":["Question Card","StoneCalendar","Membership Card"],"cards":["Hemokinesis","Clash","Sentinel","Limit Break","Apotheosis"],"potions":["Regen Potion","Block Potion","EntropicBrew"]}],"circlet_count":0,"master_deck":["AscendersBane","Defend_R","Defend_R","Defend_R","Bash+1","Spot Weakness","Sword Boomerang","Pommel Strike+1","Dropkick+1","Inflame+1","Flash of Steel","Second Wind","Power Through","Corruption+1","Barricade+1","Shrug It Off","Rage+1","Bloodletting","Infernal Blade","Armaments","Burning Pact+1","Exhume+1","Reaper","Pummel+1","Discovery+1","Good Instincts+1","Violence+1","Madness+1","Madness+1","True Grit+1"],"special_seed":0,"potion_use_per_floor":[[],[],[],[],["Ancient Potion"],[],[],["Explosive Potion"],[],["SkillPotion"],[],[],[],[],[],[],[],[],[],["ColorlessPotion","AttackPotion"],[],[],[],[],[],[],[],[],[],["HeartOfIron"],[],[],["EssenceOfSteel"],[],[],[],[],[],[],["Fire Potion"],[],[]],"relics":["Burning Blood","HornCleat","Whetstone","Red Skull","MealTicket","Philosopher\u0027s Stone","Matryoshka","Toxic Egg 2","Kunai","Art of War","Coffee Dripper","Shovel","Blue Candle"],"potions_floor_usage":[20,20,30,33,40],"damage_taken":[{"damage":6.0,"enemies":"Cultist","floor":1.0,"turns":4.0},{"damage":3.0,"enemies":"2 Louse","floor":2.0,"turns":2.0},{"damage":12.0,"enemies":"Small Slimes","floor":3.0,"turns":3.0},{"damage":16.0,"enemies":"Blue Slaver","floor":4.0,"turns":3.0},{"damage":18.0,"enemies":"Exordium Thugs","floor":5.0,"turns":3.0},{"damage":25.0,"enemies":"3 Sentries","floor":8.0,"turns":4.0},{"damage":0.0,"enemies":"Gremlin Nob","floor":10.0,"turns":3.0},{"damage":0.0,"enemies":"Large Slime","floor":11.0,"turns":2.0},{"damage":6,"enemies":"Lagavulin","floor":14,"turns":3},{"damage":15,"enemies":"Slime Boss","floor":16,"turns":7},{"damage":2,"enemies":"Spheric Guardian","floor":18,"turns":4},{"damage":55,"enemies":"Chosen","floor":20,"turns":6},{"damage":0,"enemies":"Snecko","floor":21,"turns":5},{"damage":7,"enemies":"Snake Plant","floor":24,"turns":2},{"damage":0,"enemies":"Centurion and Healer","floor":25,"turns":6},{"damage":13,"enemies":"Book of Stabbing","floor":29,"turns":5},{"damage":8,"enemies":"Shelled Parasite and Fungi","floor":30,"turns":4},{"damage":2,"enemies":"Champ","floor":33,"turns":7},{"damage":16,"enemies":"3 Shapes","floor":35,"turns":5},{"damage":3,"enemies":"3 Darklings","floor":38,"turns":6},{"damage":67,"enemies":"Nemesis","floor":40,"turns":9},{"damage":17,"enemies":"4 Shapes","floor":42,"turns":10}],"seed_played":"7904847722822631843","neow_bonus_log":{"cardsObtained":["Spot Weakness"],"cardsUpgraded":[],"cardsRemoved":[],"cardsTransformed":["Defend_R"],"relicsObtained":[],"maxHpGained":0,"goldGained":0,"damageTaken":0,"goldLost":0,"maxHpLost":0},"potions_obtained":[{"floor":1.0,"key":"Ancient Potion"},{"floor":3.0,"key":"Explosive Potion"},{"floor":8.0,"key":"SkillPotion"},{"floor":11.0,"key":"ColorlessPotion"},{"floor":14,"key":"AttackPotion"},{"floor":20,"key":"HeartOfIron"},{"floor":29,"key":"Fire Potion"},{"floor":30,"key":"EssenceOfSteel"}],"is_trial":false,"path_per_floor":["M","M","M","M","M","R","$","E","T","E","M","R","?","E","R","B",null,"M","?","M","M","?","R","M","M","T","R","?","E","M","T","R","B",null,"M","?","?","M","?","E","R","M"],"character_chosen":"IRONCLAD","basemod:card_modifiers":[null,null,null,null,null,null,null,null,null,null,null,null,null,null,null,null,null,null,null,null,null,null,null,null,null,null,null,null,null,null],"items_purchased":["Inflame","Flash of Steel"],"campfire_rested":0,"item_purchase_floors":[7,7],"current_hp_per_floor":[68,71,65,55,43,43,43,24,24,30,36,36,36,36,36,27,63,67,67,18,24,24,24,23,29,29,29,29,22,20,20,20,24,62,75,75,65,75,61,12,12,0],"gold":498,"neow_bonus":"TRANSFORM_CARD","is_prod":false,"is_daily":false,"rewards_skipped":[],"chose_seed":false,"campfire_upgraded":6,"win_rate":0,"floor_exit_playtime":[213,287,342,412,626,635,706,875,880,1017,1085,1095,1118,1182,1205,1471,1542,1622,1641,1770,1877,1922,1947,2089,2297,2300,2378,2393,2525,2699,2712,2754,3025,3060,3255,3262,3336,3652,3664,3944,3952],"timestamp":1701286101,"path_taken":["M","M","M","?","M","R","$","E","T","E","M","R","?","E","R","BOSS","M","?","M","?","?","R","M","M","T","R","?","E","M","?","R","BOSS","M","?","?","M","?","E","R","M"],"build_version":"2022-12-01","purchased_purges":0,"victory":false,"max_hp_per_floor":[75,75,75,75,75,75,75,75,75,75,75,75,75,75,75,75,75,75,75,75,75,75,75,75,75,75,75,75,75,75,75,75,75,75,75,75,75,75,75,75,75,75],"relic_stats":{"Matryoshka":1,"Shovel":1,"counters":[22,103],"Blue Candle":[0],"MealTicket":0,"Art of War":[10],"Whetstone":["Dropkick","Strike_R"],"Kunai":[11],"obtain_stats":[{"Blue Candle":41,"Whetstone":9,"Burning Blood":0,"HornCleat":8,"Matryoshka":26,"Shovel":40,"MealTicket":14,"Philosopher\u0027s Stone":17,"Art of War":31,"Coffee Dripper":34,"Kunai":31,"Toxic Egg 2":29,"Red Skull":10},{"Blue Candle":21,"Whetstone":6,"Burning Blood":0,"HornCleat":6,"Matryoshka":15,"Shovel":21,"MealTicket":9,"Philosopher\u0027s Stone":10,"Art of War":17,"Coffee Dripper":18,"Kunai":17,"Toxic Egg 2":16,"Red Skull":7},{"Blue Candle":93,"Whetstone":19,"Burning Blood":0,"HornCleat":19,"Matryoshka":57,"Shovel":93,"MealTicket":27,"Philosopher\u0027s Stone":34,"Art of War":66,"Coffee Dripper":73,"Kunai":66,"Toxic Egg 2":62,"Red Skull":22}],"Burning Blood":118},"card_choices":[{"not_picked":["Ghostly Armor","Iron Wave"],"picked":"Headbutt","floor":1.0},{"not_picked":["True Grit","Sentinel"],"picked":"Sword Boomerang","floor":2.0},{"not_picked":["Rupture","Body Slam"],"picked":"Pommel Strike","floor":3.0},{"not_picked":["Intimidate","Warcry","Sword Boomerang"],"picked":"SKIP","floor":4.0},{"not_picked":["Iron Wave","Bludgeon"],"picked":"Dropkick","floor":5.0},{"not_picked":["Inflame","Sword Boomerang","Iron Wave"],"picked":"SKIP","floor":8.0},{"not_picked":["Demon Form","Dropkick"],"picked":"Second Wind","floor":10.0},{"not_picked":["Iron Wave","Hemokinesis"],"picked":"Power Through","floor":11.0},{"not_picked":["Flex","Bloodletting"],"picked":"Corruption","floor":14},{"not_picked":["Berserk","Brutality"],"picked":"Barricade","floor":16},{"not_picked":["Wild Strike","Twin Strike"],"picked":"Shrug It Off","floor":18},{"not_picked":["Spot Weakness","Thunderclap","Flex+1"],"picked":"SKIP","floor":20},{"not_picked":["Havoc","Infernal Blade+1"],"picked":"Bloodletting","floor":21},{"not_picked":["Pommel Strike","Searing Blow","Heavy Blade"],"picked":"SKIP","floor":24},{"not_picked":["Flex","Sword Boomerang"],"picked":"Burning Pact+1","floor":25},{"not_picked":["Flex+1","Armaments+1"],"picked":"Exhume+1","floor":29},{"not_picked":["Sword Boomerang","Blood for Blood","Searing Blow"],"picked":"SKIP","floor":30},{"not_picked":["Demon Form","Corruption"],"picked":"Reaper","floor":33},{"not_picked":["Carnage","Havoc+1"],"picked":"Pummel+1","floor":35},{"not_picked":["Purity+1","Apotheosis+1"],"picked":"Discovery+1","floor":37},{"not_picked":["Swift Strike","Jack Of All Trades+1"],"picked":"Good Instincts+1","floor":37},{"not_picked":["Magnetism","Impatience+1"],"picked":"Violence+1","floor":37},{"not_picked":["Uppercut+1","Bloodletting+1","Iron Wave"],"picked":"SKIP","floor":38},{"not_picked":["Bludgeon","Headbutt"],"picked":"True Grit+1","floor":40}],"player_experience":91804,"relics_obtained":[{"floor":8.0,"key":"HornCleat"},{"floor":9.0,"key":"Whetstone"},{"floor":10.0,"key":"Red Skull"},{"floor":14,"key":"MealTicket"},{"floor":26,"key":"Matryoshka"},{"floor":29,"key":"Toxic Egg 2"},{"floor":31,"key":"Kunai"},{"floor":31,"key":"Art of War"},{"floor":40,"key":"Shovel"},{"floor":41,"key":"Blue Candle"}],"event_choices":[{"cards_removed":["Strike_R"],"damage_healed":0.0,"max_hp_gain":0.0,"max_hp_loss":0.0,"gold_gain":0.0,"event_name":"Living Wall","player_choice":"Forget","floor":13.0,"gold_loss":0.0,"damage_taken":0.0},{"damage_healed":0,"gold_gain":0,"cards_transformed":["Strike_R"],"player_choice":"Transformed","damage_taken":0,"max_hp_gain":0,"max_hp_loss":0,"event_name":"Transmorgrifier","floor":19,"gold_loss":0,"cards_obtained":["Rage"]},{"damage_healed":0,"gold_gain":0,"cards_transformed":["Strike_R","Strike_R"],"player_choice":"Became Test Subject","damage_taken":0,"max_hp_gain":0,"max_hp_loss":0,"event_name":"Drug Dealer","floor":22,"gold_loss":0,"cards_obtained":["Infernal Blade","Armaments"]},{"cards_removed":["Strike_R"],"damage_healed":0,"gold_gain":0,"player_choice":"Elegance","damage_taken":0,"max_hp_gain":0,"max_hp_loss":0,"event_name":"Back to Basics","floor":28,"gold_loss":0},{"cards_removed":["Headbutt"],"damage_healed":0,"gold_gain":0,"player_choice":"Removed Attack","damage_taken":0,"max_hp_gain":0,"max_hp_loss":0,"event_name":"Falling","floor":36,"gold_loss":0},{"damage_healed":0,"gold_gain":0,"player_choice":"Memory 3","damage_taken":10,"max_hp_gain":0,"max_hp_loss":0,"event_name":"SensoryStone","floor":37,"gold_loss":0},{"damage_healed":0,"gold_gain":0,"player_choice":"Embrace Madness","damage_taken":14,"max_hp_gain":0,"max_hp_loss":0,"event_name":"Winding Halls","floor":39,"gold_loss":0,"cards_obtained":["Madness","Madness"]}],"is_beta":false,"boss_relics":[{"not_picked":["SlaversCollar","Snecko Eye"],"picked":"Philosopher\u0027s Stone"},{"not_picked":["Fusion Hammer","Tiny House"],"picked":"Coffee Dripper"}],"items_purged_floors":[],"is_endless":false,"potions_floor_spawned":[1,3,8,11,14,20,29,30],"killed_by":"4 Shapes","ascension_level":20,"potion_discard_per_floor":[[],[],[],[],[],[],[],[],[],[],[],[],[],[],[],[],[],[],[],[],[],[],[],[],[],[],[],[],[],[],[],[],[],[],[],[],[],[],[],[],[],[]]}