{"neow_bonuses_skipped_log":["THREE_ENEMY_KILL"],"neow_costs_skipped_log":["NONE"],"potions_obtained_entropic_brew":[[],[],[],[],[],[],[],[],[],[],[],[],[],[],[],[],[],[],[],[],[],[],[],[],[]],"gold_per_floor":[111,36,54,72,85,85,110,126,126,160,160,187,205,224,224,300,300,315,315,325,340,360,360,127,127],"floor_reached":25,"playtime":2127,"items_purged":["Strike_R"],"score":504,"play_id":"4f0715cb-a637-41ff-9ed4-da8d7ff0fdfe","local_time":"20231126213253","score_breakdown":["Floors Climbed (25): 125","Enemies Slain (11): 22","Exordium Elites Killed (3): 30","City Elites Killed (0): 0","Bosses Slain (1): 50","Champion (1): 25","Ascension (20): 252"],"is_ascension_mode":true,"potions_obtained_alchemize":[[],[],[],[],[],[],[],[],[],[],[],[],[],[],[],[],[],[],[],[],[],[],[],[],[]],"campfire_choices":[{"data":"Bash","floor":6,"key":"SMITH"},{"data":"Pommel Strike","floor":11,"key":"SMITH"},{"data":"Whirlwind","floor":15,"key":"SMITH"},{"data":"Battle Trance","floor":23,"key":"SMITH"}],"lesson_learned_per_floor":[[],[],[],[],[],[],[],[],[],[],[],[],[],[],[],[],[],[],[],[],[],[],[],[],[]],"neow_cost":"NONE","improvable_cards":{},"seed_source_timestamp":248160961844541,"shop_contents":[{"floor":24,"relics":["Girya","Pen Nib"],"cards":["Carnage","Pommel Strike","True Grit","Infernal Blade","Evolve","Forethought","Metamorphosis"],"potions":["AttackPotion","EssenceOfSteel","Fruit Juice"]}],"circlet_count":0,"master_deck":["AscendersBane","Defend_R","Defend_R","Defend_R","Defend_R","Bash+1","Iron Wave","Pommel Strike+1","Armaments","Cleave","Clothesline","Battle Trance+1","Battle Trance","Whirlwind+1","Corruption","Carnage+1","Corruption+1","Flex+1","Sentinel","Pommel Strike+1"],"potion_use_per_floor":[[],[],[],[],[],[],["EssenceOfSteel"],[],[],[],[],["SteroidPotion"],[],[],[],["LiquidBronze"],[],["AttackPotion"],[],["CultistPotion"],[],["CultistPotion"],[],[],["Fire Potion"]],"relics":["Burning Blood","StoneCalendar","Paper Frog","Self Forming Clay","Bottled Flame","Astrolabe","Toolbox"],"potions_floor_usage":[7,12,16,18,20,22,25],"damage_taken":[{"damage":4,"enemies":"Small Slimes","floor":1,"turns":4},{"damage":2,"enemies":"2 Louse","floor":3,"turns":3},{"damage":1,"enemies":"Cultist","floor":4,"turns":3},{"damage":7,"enemies":"Exordium Thugs","floor":5,"turns":7},{"damage":28,"enemies":"Lagavulin","floor":7,"turns":6},{"damage":12,"enemies":"Blue Slaver","floor":8,"turns":5},{"damage":16,"enemies":"3 Sentries","floor":10,"turns":7},{"damage":0,"enemies":"Gremlin Nob","floor":12,"turns":2},{"damage":7,"enemies":"2 Fungi Beasts","floor":13,"turns":4},{"damage":5,"enemies":"Gremlin Gang","floor":14,"turns":3},{"damage":28,"enemies":"The Guardian","floor":16,"turns":10},{"damage":16,"enemies":"3 Byrds","floor":18,"turns":6},{"damage":7,"enemies":"Chosen","floor":20,"turns":5},{"damage":13,"enemies":"Snecko","floor":21,"turns":5},{"damage":11,"enemies":"Centurion and Healer","floor":22,"turns":7},{"damage":51,"enemies":"Gremlin Leader","floor":25,"turns":6}],"seed_played":"7914246934165018927","neow_bonus_log":{"cardsObtained":[],"cardsUpgraded":[],"cardsRemoved":[],"cardsTransformed":[],"relicsObtained":[],"maxHpGained":7,"goldGained":0,"damageTaken":0,"goldLost":0,"maxHpLost":0},"potions_obtained":[{"floor":4,"key":"EssenceOfSteel"},{"floor":8,"key":"SteroidPotion"},{"floor":10,"key":"LiquidBronze"},{"floor":12,"key":"AttackPotion"},{"floor":16,"key":"CultistPotion"},{"floor":19,"key":"CultistPotion"},{"floor":20,"key":"Fire Potion"}],"is_trial":false,"path_per_floor":["M","?","M","M","M","R","E","M","T","E","R","E","M","M","R","B",null,"M","?","M","M","M","R","$","E"],"character_chosen":"IRONCLAD","basemod:card_modifiers":[null,null,null,null,null,null,null,null,null,null,null,null,null,null,null,null,null,null,null,null],"items_purchased":["Toolbox"],"campfire_rested":0,"item_purchase_floors":[24],"current_hp_per_floor":[77,77,81,82,81,81,59,53,53,43,43,49,48,49,49,27,68,58,58,57,50,45,45,45,0],"gold":127,"neow_bonus":"TEN_PERCENT_HP_BONUS","is_prod":false,"is_daily":false,"rewards_skipped":[{"floor":19,"relics":[],"potions":["SneckoOil"]}],"chose_seed":false,"campfire_upgraded":4,"win_rate":0,"floor_exit_playtime":[91,114,154,209,402,417,487,594,597,724,741,832,923,987,992,1180,1315,1514,1520,1600,1692,1825,1845,1910],"timestamp":1701052373,"path_taken":["M","?","M","M","M","R","E","M","T","E","R","E","M","M","R","BOSS","M","?","M","M","?","R","$","E"],"build_version":"2022-12-01","purchased_purges":1,"victory":false,"max_hp_per_floor":[82,82,82,82,82,82,82,82,82,82,82,82,82,82,82,82,82,82,82,82,82,82,82,82,82],"relic_stats":{"Bottled Flame":"Pommel Strike","counters":[16,83],"Self Forming Clay":[102],"Astrolabe":["Carnage","Corruption","Flex"],"StoneCalendar":[141],"obtain_stats":[{"Bottled Flame":12,"Self Forming Clay":10,"Astrolabe":17,"Toolbox":24,"StoneCalendar":7,"Burning Blood":0,"Paper Frog":9},{"Bottled Flame":8,"Self Forming Clay":7,"Astrolabe":11,"Toolbox":15,"StoneCalendar":5,"Burning Blood":0,"Paper Frog":6},{"Bottled Flame":37,"Self Forming Clay":35,"Astrolabe":54,"Toolbox":77,"StoneCalendar":23,"Burning Blood":0,"Paper Frog":28}],"Burning Blood":86},"card_choices":[{"not_picked":["Inflame","Rupture"],"picked":"Iron Wave","floor":1},{"not_picked":["Iron Wave","Perfected Strike"],"picked":"Pommel Strike","floor":3},{"not_picked":["Flex","Body Slam"],"picked":"Armaments","floor":4},{"not_picked":["Seeing Red","Clothesline","Thunderclap"],"picked":"SKIP","floor":5},{"not_picked":["Barricade","Perfected Strike"],"picked":"Cleave","floor":7},{"not_picked":["Clothesline","True Grit","Heavy Blade"],"picked":"SKIP","floor":8},{"not_picked":["True Grit","Heavy Blade"],"picked":"Clothesline","floor":8},{"not_picked":["Flex","True Grit"],"picked":"Battle Trance","floor":10},{"not_picked":["Armaments","Bludgeon"],"picked":"Battle Trance","floor":12},{"not_picked":["Perfected Strike","Flex","Infernal Blade"],"picked":"SKIP","floor":13},{"not_picked":["True Grit","Warcry"],"picked":"Whirlwind","floor":14},{"not_picked":["Reaper","Exhume"],"picked":"Corruption","floor":16},{"not_picked":["Clothesline","Hemokinesis","Whirlwind"],"picked":"SKIP","floor":18},{"not_picked":["Clash","Battle Trance"],"picked":"Sentinel","floor":20},{"not_picked":["Whirlwind","Heavy Blade"],"picked":"Pommel Strike+1","floor":21},{"not_picked":["Flex","Wild Strike+1","Pommel Strike"],"picked":"SKIP","floor":22}],"player_experience":68703,"relics_obtained":[{"floor":7,"key":"StoneCalendar"},{"floor":9,"key":"Paper Frog"},{"floor":10,"key":"Self Forming Clay"},{"floor":12,"key":"Bottled Flame"}],"event_choices":[{"cards_removed":["Strike_R"],"damage_healed":0,"gold_gain":0,"player_choice":"Card Removal","damage_taken":0,"max_hp_gain":0,"max_hp_loss":0,"event_name":"The Cleric","floor":2,"gold_loss":75},{"damage_healed":0,"gold_gain":0,"player_choice":"Got Potions","damage_taken":0,"max_hp_gain":0,"max_hp_loss":0,"event_name":"Lab","floor":19,"gold_loss":0}],"is_beta":false,"boss_relics":[{"not_picked":["Fusion Hammer","Runic Dome"],"picked":"Astrolabe"}],"items_purged_floors":[24],"is_endless":false,"potions_floor_spawned":[4,8,10,12,16,20],"killed_by":"Gremlin Leader","ascension_level":20,"potion_discard_per_floor":[[],[],[],[],[],[],[],[],[],[],[],[],[],[],[],[],[],[],[],[],[],[],[],[],[]]}