{"neow_bonuses_skipped_log":["UPGRADE_CARD","TEN_PERCENT_HP_BONUS","REMOVE_TWO"],"neow_costs_skipped_log":["NONE","NONE","NO_GOLD"],"potions_obtained_entropic_brew":[[],[],[],[],[],[],[],[],[],[],[],[],[],[],[],[],[],[],[],[],[],[],[],[],[],[],[]],"gold_per_floor":[110,124,135,154,169,169,197,197,197,197,25,41,41,55,55,130,130,143,160,160,15,195,195,211,244,267,267],"floor_reached":27,"playtime":1853,"items_purged":["Strike_R"],"score":570,"play_id":"e09347a8-759d-4ee3-84da-d4d3e3fc0627","local_time":"20231129010554","score_breakdown":["Floors Climbed (27): 135","Enemies Slain (10): 20","Exordium Elites Killed (1): 10","City Elites Killed (1): 20","Bosses Slain (1): 50","Perfect (1): 50","Ascension (20): 285"],"is_ascension_mode":true,"potions_obtained_alchemize":[[],[],[],[],[],[],[],[],[],[],[],[],[],[],[],[],[],[],[],[],[],[],[],[],[],[],[]],"campfire_choices":[{"floor":6.0,"key":"REST"},{"data":"Evolve","floor":8.0,"key":"SMITH"},{"floor":10.0,"key":"REST"},{"floor":15,"key":"REST"},{"data":"Battle Trance","floor":23,"key":"SMITH"}],"lesson_learned_per_floor":[[],[],[],[],[],[],[],[],[],[],[],[],[],[],[],[],[],[],[],[],[],[],[],[],[],[],[]],"neow_cost":"NONE","improvable_cards":{},"seed_source_timestamp":26589781788000,"shop_contents":[{"floor":11,"relics":["Centennial Puzzle","Bag of Preparation"],"cards":["Carnage+1","Clash+1","Battle Trance","Infernal Blade","Combust","Madness","HandOfGreed+1"],"potions":["Explosive Potion","SteroidPotion","Strength Potion"]},{"floor":21,"relics":["StrikeDummy","White Beast Statue","Toolbox"],"cards":["Heavy Blade+1","Blood for Blood+1","Flex","Purity","Sadistic Nature"],"potions":["ColorlessPotion","LiquidMemories","Strength Potion"]}],"circlet_count":0,"master_deck":["AscendersBane","Strike_R","Strike_R","Strike_R","Defend_R","Defend_R","Defend_R","Bash","Evolve+1","Battle Trance+1","Reckless Charge","Cleave","Pommel Strike","Pommel Strike","Anger+1","Immolate+1","Flame Barrier","Shockwave","Corruption","Shrug It Off","Dark Embrace"],"special_seed":0,"potion_use_per_floor":[[],[],[],[],["EssenceOfSteel"],[],["SpeedPotion"],[],[],[],[],[],[],["Fruit Juice"],[],["BlessingOfTheForge"],[],[],[],[],[],[],[],["Block Potion"],["Dexterity Potion"],[],["SpeedPotion"]],"relics":["Empty Cage","WingedGreaves","Molten Egg 2","Membership Card","Runic Dome","Sundial"],"potions_floor_usage":[14,16,24,25,27],"damage_taken":[{"damage":1.0,"enemies":"Cultist","floor":1.0,"turns":3.0},{"damage":3.0,"enemies":"2 Louse","floor":2.0,"turns":3.0},{"damage":5.0,"enemies":"Small Slimes","floor":3.0,"turns":3.0},{"damage":17.0,"enemies":"3 Louse","floor":4.0,"turns":5.0},{"damage":23.0,"enemies":"Exordium Thugs","floor":5.0,"turns":5.0},{"damage":40.0,"enemies":"Lagavulin","floor":7.0,"turns":7.0},{"damage":11.0,"enemies":"Lots of Slimes","floor":12.0,"turns":3.0},{"damage":8,"enemies":"Blue Slaver","floor":14,"turns":2},{"damage":0,"enemies":"Slime Boss","floor":16,"turns":4},{"damage":0,"enemies":"Chosen","floor":18,"turns":3},{"damage":6,"enemies":"Spheric Guardian","floor":19,"turns":3},{"damage":8,"enemies":"Snecko","floor":24,"turns":4},{"damage":9,"enemies":"Gremlin Leader","floor":25,"turns":4},{"damage":33,"enemies":"Chosen and Byrds","floor":27,"turns":5}],"seed_played":"-6848311260592642406","neow_bonus_log":{"cardsObtained":[],"cardsUpgraded":[],"cardsRemoved":[],"cardsTransformed":[],"relicsObtained":["Empty Cage"],"maxHpGained":0,"goldGained":0,"damageTaken":0,"goldLost":0,"maxHpLost":0},"potions_obtained":[{"floor":1.0,"key":"EssenceOfSteel"},{"floor":5.0,"key":"SpeedPotion"},{"floor":13.0,"key":"BlessingOfTheForge"},{"floor":13.0,"key":"Fruit Juice"},{"floor":14,"key":"Dexterity Potion"},{"floor":19,"key":"Block Potion"},{"floor":25,"key":"SpeedPotion"}],"is_trial":false,"path_per_floor":["M","M","M","M","M","R","E","R","T","R","$","M","?","M","R","B",null,"M","M","?","$","?","R","M","E","T","M"],"character_chosen":"IRONCLAD","basemod:card_modifiers":[null,null,null,null,null,null,null,null,null,null,null,null,null,null,null,null,null,null,null,null,null],"items_purchased":["Membership Card","Corruption","Shrug It Off"],"campfire_rested":3,"item_purchase_floors":[11,21,21],"current_hp_per_floor":[67,64,59,42,19,41,1,1,1,23,23,12,12,9,33,33,68,68,62,62,62,43,43,35,26,26,0],"gold":267,"neow_bonus":"BOSS_RELIC","is_prod":false,"is_daily":false,"rewards_skipped":[],"chose_seed":false,"campfire_upgraded":2,"win_rate":0,"floor_exit_playtime":[149,225,267,368,474,485,583,632,636,644,675,749,754,828,837,935,1044,1136,1260,1318,1376,1437,1450,1573,1706,1717],"timestamp":1701237954,"blue_key_relic_skipped_log":{"floor":26,"relicID":"Bronze Scales"},"path_taken":["M","M","M","M","M","R","E","R","T","R","$","?","?","M","R","BOSS","M","M","?","$","?","R","?","E","T","M"],"build_version":"2022-12-01","purchased_purges":1,"victory":false,"max_hp_per_floor":[75,75,75,75,75,75,75,75,75,75,75,75,75,80,80,80,80,80,80,80,80,80,80,80,80,80,80],"relic_stats":{"counters":[14,54],"Sundial":[0],"WingedGreaves":1,"Membership Card":144,"obtain_stats":[{"Runic Dome":17,"Sundial":25,"Molten Egg 2":9,"WingedGreaves":7,"Membership Card":11,"Empty Cage":0,"Burning Blood":0},{"Runic Dome":9,"Sundial":13,"Molten Egg 2":6,"WingedGreaves":6,"Membership Card":6,"Empty Cage":0,"Burning Blood":0},{"Runic Dome":35,"Sundial":49,"Molten Egg 2":26,"WingedGreaves":26,"Membership Card":26,"Empty Cage":0,"Burning Blood":0}]},"card_choices":[{"not_picked":["Shrug It Off","Clothesline"],"picked":"Evolve","floor":1.0},{"not_picked":["Armaments","Twin Strike"],"picked":"Battle Trance","floor":2.0},{"not_picked":["Heavy Blade","Perfected Strike"],"picked":"Reckless Charge","floor":3.0},{"not_picked":["Thunderclap","Metallicize"],"picked":"Cleave","floor":4.0},{"not_picked":["Entrench","Warcry"],"picked":"Pommel Strike","floor":5.0},{"not_picked":["Intimidate","Barricade"],"picked":"Pommel Strike","floor":7.0},{"not_picked":["True Grit","Flame Barrier"],"picked":"Anger+1","floor":12.0},{"not_picked":["Warcry","Heavy Blade+1","Havoc"],"picked":"SKIP","floor":14},{"not_picked":["Limit Break","Demon Form"],"picked":"Immolate+1","floor":16},{"not_picked":["Entrench","Warcry"],"picked":"Flame Barrier","floor":18},{"not_picked":["True Grit","Feel No Pain"],"picked":"Shockwave","floor":19},{"not_picked":["Blood for Blood+1","Sword Boomerang+1","Whirlwind+1"],"picked":"SKIP","floor":24},{"not_picked":["Blood for Blood+1","Sword Boomerang+1","Whirlwind+1"],"picked":"SKIP","floor":24},{"not_picked":["Body Slam+1","Feel No Pain"],"picked":"Dark Embrace","floor":25}],"player_experience":87039,"relics_obtained":[{"floor":7.0,"key":"WingedGreaves"},{"floor":9.0,"key":"Molten Egg 2"},{"floor":25,"key":"Sundial"}],"event_choices":[{"damage_healed":0.0,"max_hp_gain":0.0,"max_hp_loss":0.0,"gold_gain":0.0,"event_name":"Lab","player_choice":"Got Potions","floor":13.0,"gold_loss":0.0,"damage_taken":0.0},{"damage_healed":0,"gold_gain":0,"player_choice":"Ignored","damage_taken":0,"max_hp_gain":0,"max_hp_loss":0,"event_name":"Cursed Tome","floor":20,"gold_loss":0},{"damage_healed":0,"gold_gain":180,"player_choice":"GOLD GOLD ","damage_taken":19,"max_hp_gain":0,"max_hp_loss":0,"event_name":"Knowing Skull","floor":22,"potions_obtained":[],"gold_loss":0,"cards_obtained":[]},{"damage_healed":0,"gold_gain":180,"player_choice":"GOLD GOLD ","damage_taken":19,"max_hp_gain":0,"max_hp_loss":0,"event_name":"Knowing Skull","floor":22,"potions_obtained":[],"gold_loss":0,"cards_obtained":[]}],"is_beta":false,"boss_relics":[{"not_picked":["Ectoplasm","Runic Cube"],"picked":"Runic Dome"}],"items_purged_floors":[21],"is_endless":false,"potions_floor_spawned":[1,5,14,19,25],"killed_by":"Chosen and Byrds","ascension_level":20,"potion_discard_per_floor":[[],[],[],[],[],[],[],[],[],[],[],[],[],[],[],[],[],[],[],[],[],[],[],[],[],[],[]]}