{"neow_bonuses_skipped_log":["REMOVE_CARD","ONE_RARE_RELIC","BOSS_RELIC"],"potions_obtained_entropic_brew":[[],[],[],[],[],[],[],[],[],[],[],[],[],[],[],[],[],[],[],[],[],[],[],[],[],[],[],[],[],[],[],[],[],[],[],[],[],[],[],[],[],[]],"neow_costs_skipped_log":["NONE","CURSE","NONE"],"gold_per_floor":[109,121,141,151,151,151,169,169,169,5,22,57,75,75,75,151,151,162,162,191,208,221,221,250,250,331,361,371,384,384,395,395,468,468,481,498,250,267,282,313,313,313],"floor_reached":42,"playtime":4631,"items_purged":["Strike_R","Strike_R+1"],"score":1073,"play_id":"0aa42d61-4c82-4bfb-b885-1893f185336b","local_time":"20231206020623","score_breakdown":["Floors Climbed (42): 210","Enemies Slain (17): 34","Exordium Elites Killed (1): 10","City Elites Killed (2): 40","Beyond Elites Killed (1): 30","Bosses Slain (2): 150","Well Fed: 25","Champion (2): 50","Ascension (20): 524"],"is_ascension_mode":true,"potions_obtained_alchemize":[[],[],[],[],[],[],[],[],[],[],[],[],[],[],[],[],[],[],[],[],[],[],[],[],[],[],[],[],[],[],[],[],[],[],[],[],[],[],[],[],[],[]],"campfire_choices":[{"data":"Whirlwind","floor":6.0,"key":"SMITH"},{"data":"Uppercut","floor":8.0,"key":"SMITH"},{"data":"Fiend Fire","floor":15.0,"key":"SMITH"},{"data":"Warcry","floor":23.0,"key":"SMITH"},{"data":"Burning Pact","floor":25.0,"key":"SMITH"},{"data":"True Grit","floor":32.0,"key":"SMITH"},{"data":"Corruption","floor":41,"key":"SMITH"}],"lesson_learned_per_floor":[[],[],[],[],[],[],[],[],[],[],[],[],[],[],[],[],[],[],[],[],[],[],[],[],[],[],[],[],[],[],[],[],[],[],[],[],[],[],[],[],[],[]],"neow_cost":"NONE","improvable_cards":{},"seed_source_timestamp":0,"shop_contents":[{"floor":10,"relics":["Potion Belt","Bag of Marbles","Lee\u0027s Waffle"],"cards":["Reaper","Body Slam","Ghostly Armor","Armaments","Combust","Metamorphosis"],"potions":["AttackPotion","CultistPotion","SpeedPotion"]},{"floor":37,"relics":["Dream Catcher","Orichalcum"],"cards":["Body Slam","Anger","Havoc","Entrench","Impatience","Thinking Ahead"],"potions":["Fire Potion","EssenceOfSteel","Block Potion"]}],"circlet_count":0,"master_deck":["AscendersBane","Defend_R","Defend_R+1","Defend_R","Defend_R","Bash","Whirlwind+1","Anger+1","Uppercut+1","Warcry+1","PanicButton","Spot Weakness+1","Fiend Fire+1","Corruption+1","Burning Pact+1","True Grit+1","Impervious","Shrug It Off","Dark Embrace","Sentinel","Bloodletting+1","Feed","Limit Break+1","Disarm+1","Flex+1","Rage","Evolve","Burning Pact","Pommel Strike"],"special_seed":0,"potion_use_per_floor":[[],[],[],[],[],[],[],[],[],[],[],["SteroidPotion"],[],[],[],[],[],[],[],["GamblersBrew"],[],[],[],["LiquidMemories"],[],[],["EssenceOfSteel"],[],[],[],["BloodPotion"],[],[],[],[],[],[],["BloodPotion"],["BloodPotion"],["Regen Potion","LiquidBronze"],[],[]],"relics":["Burning Blood","Bag of Preparation","Pantograph","Shovel","Coffee Dripper","Red Mask","War Paint","Question Card","Turnip","Nilry\u0027s Codex","Astrolabe","Membership Card","PreservedInsect"],"potions_floor_usage":[40,40],"damage_taken":[{"damage":1.0,"enemies":"Cultist","floor":1.0,"turns":3.0},{"damage":14.0,"enemies":"Jaw Worm","floor":2.0,"turns":4.0},{"damage":7.0,"enemies":"Small Slimes","floor":3.0,"turns":3.0},{"damage":0.0,"enemies":"3 Louse","floor":4.0,"turns":2.0},{"damage":7.0,"enemies":"Exordium Thugs","floor":7.0,"turns":3.0},{"damage":5.0,"enemies":"Large Slime","floor":11.0,"turns":4.0},{"damage":0.0,"enemies":"Gremlin Nob","floor":12.0,"turns":2.0},{"damage":0.0,"enemies":"Gremlin Gang","floor":13.0,"turns":1.0},{"damage":38.0,"enemies":"Slime Boss","floor":16.0,"turns":10.0},{"damage":7.0,"enemies":"Chosen","floor":18.0,"turns":4.0},{"damage":9.0,"enemies":"Masked Bandits","floor":20.0,"turns":3.0},{"damage":11.0,"enemies":"Spheric Guardian","floor":21.0,"turns":3.0},{"damage":0.0,"enemies":"Snecko","floor":22.0,"turns":3.0},{"damage":0.0,"enemies":"Gremlin Leader","floor":24.0,"turns":4.0},{"damage":41.0,"enemies":"Book of Stabbing","floor":27.0,"turns":6.0},{"damage":21.0,"enemies":"3 Cultists","floor":28.0,"turns":5.0},{"damage":0.0,"enemies":"Snake Plant","floor":29.0,"turns":2.0},{"damage":24.0,"enemies":"Chosen and Byrds","floor":31.0,"turns":4.0},{"damage":19.0,"enemies":"Automaton","floor":33.0,"turns":6.0},{"damage":3.0,"enemies":"Orb Walker","floor":35.0,"turns":2.0},{"damage":4.0,"enemies":"3 Shapes","floor":36.0,"turns":3.0},{"damage":25.0,"enemies":"Jaw Worm Horde","floor":38.0,"turns":7.0},{"damage":35.0,"enemies":"3 Darklings","floor":39.0,"turns":6.0},{"damage":76,"enemies":"Reptomancer","floor":40,"turns":4},{"damage":31,"enemies":"Nemesis","floor":42,"turns":2}],"green_key_taken_log":40,"seed_played":"820906107755177250","neow_bonus_log":{"cardsObtained":[],"cardsUpgraded":[],"cardsRemoved":[],"cardsTransformed":[],"relicsObtained":["Bag of Preparation"],"maxHpGained":0,"goldGained":0,"damageTaken":0,"goldLost":0,"maxHpLost":0},"potions_obtained":[{"floor":1.0,"key":"GamblersBrew"},{"floor":3.0,"key":"SteroidPotion"},{"floor":13.0,"key":"LiquidMemories"},{"floor":22.0,"key":"EssenceOfSteel"},{"floor":27.0,"key":"BloodPotion"},{"floor":29.0,"key":"BloodPotion"},{"floor":33.0,"key":"LiquidBronze"},{"floor":38.0,"key":"BloodPotion"},{"floor":39.0,"key":"Regen Potion"}],"is_trial":false,"path_per_floor":["M","M","M","M","?","R","M","R","T","$","M","E","M","?","R","B",null,"M","?","?","M","M","R","E","R","T","E","M","M","?","M","R","B",null,"M","M","$","M","M","E","R","E"],"character_chosen":"IRONCLAD","basemod:card_modifiers":[null,null,null,null,null,null,null,null,null,null,null,null,null,null,null,null,null,null,null,null,null,null,null,null,null,null,null,null,null],"items_purchased":["PanicButton","Membership Card","Evolve"],"campfire_rested":0,"item_purchase_floors":[10,37,37],"current_hp_per_floor":[73,65,64,70,75,75,74,74,74,74,75,80,80,56,56,48,72,71,71,68,63,69,69,75,75,75,40,25,31,10,8,8,20,65,71,76,76,77,69,14,14,0],"gold":313,"neow_bonus":"RANDOM_COMMON_RELIC","is_prod":false,"is_daily":false,"rewards_skipped":[{"floor":7,"relics":[],"potions":["SteroidPotion"]},{"floor":16,"relics":[],"potions":["Block Potion"]},{"floor":18,"relics":[],"potions":["LiquidMemories"]}],"chose_seed":false,"campfire_upgraded":7,"win_rate":0.0,"floor_exit_playtime":[278,341,490,528,570,587,731,737,740,825,881,1014,1028,1032,1038,1240,1292,1372,1376,1466,1609,1698,1736,1907,1925,1929,2175,2305,2360,2376,2526,2537,3198,3244,3372,3594,3678,3991,4240,4543,4565],"timestamp":1701846383,"path_taken":["M","M","M","M","?","R","M","R","T","?","M","E","M","?","R","BOSS","M","?","?","M","?","R","E","R","T","E","M","M","?","M","R","BOSS","M","M","$","M","M","E","R","E"],"build_version":"2022-12-01","purchased_purges":2,"victory":false,"max_hp_per_floor":[75,75,75,75,80,80,80,80,80,80,80,80,80,80,80,80,80,80,80,80,80,80,80,80,80,80,80,80,80,80,80,80,80,80,83,86,86,89,92,95,95,95],"relic_stats":{"counters":[25,96],"Nilry\u0027s Codex":[3,9,9,6],"Astrolabe":["Limit Break","Disarm","Flex"],"PreservedInsect":50,"Bag of Preparation":[50],"War Paint":["Spot Weakness","Defend_R"],"Question Card":10,"Burning Blood":137,"Shovel":0,"Pantograph":49,"Turnip":[0],"Membership Card":87,"obtain_stats":[{"Nilry\u0027s Codex":30,"Astrolabe":34,"PreservedInsect":40,"Bag of Preparation":0,"War Paint":24,"Question Card":26,"Burning Blood":0,"Shovel":12,"Pantograph":9,"Turnip":27,"Coffee Dripper":17,"Red Mask":20,"Membership Card":37},{"Nilry\u0027s Codex":17,"Astrolabe":19,"PreservedInsect":24,"Bag of Preparation":0,"War Paint":14,"Question Card":14,"Burning Blood":0,"Shovel":7,"Pantograph":5,"Turnip":15,"Coffee Dripper":9,"Red Mask":11,"Membership Card":21},{"Nilry\u0027s Codex":62,"Astrolabe":72,"PreservedInsect":94,"Bag of Preparation":0,"War Paint":49,"Question Card":49,"Burning Blood":0,"Shovel":21,"Pantograph":15,"Turnip":55,"Coffee Dripper":32,"Red Mask":39,"Membership Card":77}]},"card_choices":[{"not_picked":["True Grit","Warcry"],"picked":"Whirlwind","floor":1.0},{"not_picked":["Headbutt","Shockwave"],"picked":"Anger","floor":2.0},{"not_picked":["Perfected Strike","Flame Barrier"],"picked":"Uppercut","floor":3.0},{"not_picked":["Burning Pact","Disarm"],"picked":"Warcry","floor":4.0},{"not_picked":["Iron Wave","Warcry","Clash"],"picked":"SKIP","floor":7.0},{"not_picked":["Iron Wave","Warcry","Clash"],"picked":"SKIP","floor":7.0},{"not_picked":["Iron Wave","Warcry","Clash"],"picked":"SKIP","floor":7.0},{"not_picked":["Twin Strike","Blood for Blood","Entrench"],"picked":"SKIP","floor":11.0},{"not_picked":["Twin Strike","Clothesline"],"picked":"Spot Weakness","floor":12.0},{"not_picked":["Havoc","Sword Boomerang"],"picked":"Fiend Fire","floor":13.0},{"not_picked":["Bludgeon","Demon Form"],"picked":"Corruption","floor":16.0},{"not_picked":["Metallicize","Havoc","Anger"],"picked":"SKIP","floor":18.0},{"not_picked":["Sword Boomerang","Clash"],"picked":"Burning Pact","floor":20.0},{"not_picked":["Clothesline","Carnage"],"picked":"True Grit","floor":21.0},{"not_picked":["Rupture","Heavy Blade","Armaments"],"picked":"SKIP","floor":22.0},{"not_picked":["Rupture","Heavy Blade","Armaments"],"picked":"SKIP","floor":22.0},{"not_picked":["Sword Boomerang","Power Through"],"picked":"Impervious","floor":24.0},{"not_picked":["Headbutt","Second Wind","Anger"],"picked":"Shrug It Off","floor":27.0},{"not_picked":["Heavy Blade","Thunderclap","Intimidate"],"picked":"Dark Embrace","floor":28.0},{"not_picked":["Burning Pact","Second Wind","True Grit"],"picked":"Sentinel","floor":29.0},{"not_picked":["Warcry","Clothesline","Pummel"],"picked":"Bloodletting+1","floor":31.0},{"not_picked":["Juggernaut","Limit Break","Brutality"],"picked":"Feed","floor":33.0},{"not_picked":["Carnage+1","Heavy Blade","Iron Wave+1"],"picked":"Rage","floor":35.0},{"not_picked":["Rupture+1","Wild Strike","Body Slam+1","Cleave"],"picked":"SKIP","floor":36.0},{"not_picked":["Heavy Blade+1","Clothesline+1","Infernal Blade+1"],"picked":"Burning Pact","floor":38.0},{"not_picked":["Havoc","Heavy Blade","Immolate"],"picked":"Pommel Strike","floor":39.0},{"not_picked":["Flex","Twin Strike+1","Wild Strike","Perfected Strike"],"picked":"SKIP","floor":40}],"player_experience":66301,"relics_obtained":[{"floor":9.0,"key":"Pantograph"},{"floor":12.0,"key":"Shovel"},{"floor":20.0,"key":"Red Mask"},{"floor":24.0,"key":"War Paint"},{"floor":26.0,"key":"Question Card"},{"floor":27.0,"key":"Turnip"},{"floor":30.0,"key":"Nilry\u0027s Codex"},{"floor":40,"key":"PreservedInsect"}],"event_choices":[{"damage_healed":0.0,"max_hp_gain":5.0,"max_hp_loss":0.0,"gold_gain":0.0,"event_name":"Big Fish","player_choice":"Donut","floor":5.0,"gold_loss":0.0,"damage_taken":0.0},{"damage_healed":0.0,"max_hp_gain":0.0,"max_hp_loss":0.0,"gold_gain":0.0,"event_name":"Shining Light","player_choice":"Entered Light","floor":14.0,"gold_loss":0.0,"damage_taken":24.0,"cards_upgraded":["Strike_R","Anger"]},{"damage_healed":0.0,"max_hp_gain":0.0,"max_hp_loss":0.0,"gold_gain":0.0,"event_name":"The Mausoleum","player_choice":"Ignored","floor":19.0,"gold_loss":0.0,"damage_taken":0.0},{"damage_healed":0.0,"max_hp_gain":0.0,"max_hp_loss":0.0,"gold_gain":0.0,"event_name":"Masked Bandits","player_choice":"Fought Bandits","floor":20.0,"gold_loss":0.0,"damage_taken":0.0},{"damage_healed":0.0,"max_hp_gain":0.0,"max_hp_loss":0.0,"gold_gain":0.0,"event_name":"Cursed Tome","player_choice":"Obtained Book","floor":30.0,"gold_loss":0.0,"damage_taken":21.0}],"is_beta":false,"boss_relics":[{"not_picked":["Tiny House","Mark of Pain"],"picked":"Coffee Dripper"},{"not_picked":["Runic Dome","SlaversCollar"],"picked":"Astrolabe"}],"items_purged_floors":[10,37],"is_endless":false,"potions_floor_spawned":[1,3,7,13,16,18,22,27,29,33,38,39],"killed_by":"Nemesis","ascension_level":20,"potion_discard_per_floor":[[],[],[],[],[],[],[],[],[],[],[],[],[],[],[],[],[],[],[],[],[],[],[],[],[],[],[],[],[],[],[],[],[],[],[],[],[],[],[],[],[],[]]}