{"neow_bonuses_skipped_log":["REMOVE_CARD","RANDOM_COLORLESS_2","BOSS_RELIC"],"neow_costs_skipped_log":["NONE","CURSE","NONE"],"potions_obtained_entropic_brew":[[],[],[],[],[],[],[]],"gold_per_floor":[113,129,142,152,152,187,187],"floor_reached":7,"playtime":516,"items_purged":[],"score":106,"play_id":"b9bd249e-464a-4cbd-ba37-7349568e3366","local_time":"20231201110004","score_breakdown":["Floors Climbed (7): 35","Enemies Slain (4): 8","Exordium Elites Killed (1): 10","Bosses Slain (0): 0","Ascension (20): 53"],"is_ascension_mode":true,"potions_obtained_alchemize":[[],[],[],[],[],[],[]],"campfire_choices":[],"lesson_learned_per_floor":[[],[],[],[],[],[],[]],"neow_cost":"NONE","improvable_cards":{},"seed_source_timestamp":103791178511334,"shop_contents":[],"circlet_count":0,"master_deck":["AscendersBane","Strike_R","Strike_R","Strike_R","Strike_R","Strike_R","Defend_R+1","Defend_R","Defend_R","Defend_R","Bash","Flex","Iron Wave+1","Evolve","Wild Strike"],"potion_use_per_floor":[[],[],[],[],[],["DistilledChaos","BloodPotion"],[]],"relics":["Burning Blood","Blood Vial","Tiny Chest"],"potions_floor_usage":[6,6],"damage_taken":[{"damage":1,"enemies":"Cultist","floor":1,"turns":3},{"damage":2,"enemies":"2 Louse","floor":2,"turns":3},{"damage":14,"enemies":"Jaw Worm","floor":3,"turns":4},{"damage":16,"enemies":"Large Slime","floor":4,"turns":6},{"damage":47,"enemies":"Lagavulin","floor":6,"turns":8},{"damage":17,"enemies":"Lots of Slimes","floor":7,"turns":3}],"seed_played":"6642042704229580827","neow_bonus_log":{"cardsObtained":[],"cardsUpgraded":[],"cardsRemoved":[],"cardsTransformed":[],"relicsObtained":["Blood Vial"],"maxHpGained":0,"goldGained":0,"damageTaken":0,"goldLost":0,"maxHpLost":0},"potions_obtained":[{"floor":1,"key":"BloodPotion"},{"floor":3,"key":"DistilledChaos"}],"is_trial":false,"path_per_floor":["M","M","M","M","?","E","M"],"character_chosen":"IRONCLAD","basemod:card_modifiers":[null,null,null,null,null,null,null,null,null,null,null,null,null,null,null],"items_purchased":[],"campfire_rested":0,"item_purchase_floors":[],"current_hp_per_floor":[75,75,67,59,36,12,0],"gold":187,"neow_bonus":"RANDOM_COMMON_RELIC","is_prod":false,"is_daily":false,"rewards_skipped":[],"chose_seed":false,"campfire_upgraded":0,"win_rate":0,"floor_exit_playtime":[174,251,318,379,383,467],"timestamp":1701446404,"path_taken":["M","M","M","M","?","E","M"],"build_version":"2022-12-01","purchased_purges":0,"victory":false,"max_hp_per_floor":[75,75,75,75,75,75,75],"relic_stats":{"Blood Vial":8,"counters":[6,27],"Tiny Chest":0,"obtain_stats":[{"Blood Vial":0,"Tiny Chest":6,"Burning Blood":0},{"Blood Vial":0,"Tiny Chest":5,"Burning Blood":0},{"Blood Vial":0,"Tiny Chest":24,"Burning Blood":0}],"Burning Blood":26},"card_choices":[{"not_picked":["Sword Boomerang","Perfected Strike"],"picked":"Flex","floor":1},{"not_picked":["Warcry","Metallicize","Dropkick"],"picked":"SKIP","floor":2},{"not_picked":["Rupture","Flex"],"picked":"Iron Wave","floor":3},{"not_picked":["Warcry","Burning Pact"],"picked":"Evolve","floor":4},{"not_picked":["Burning Pact","Disarm"],"picked":"Wild Strike","floor":6}],"player_experience":97363,"relics_obtained":[{"floor":6,"key":"Tiny Chest"}],"event_choices":[{"damage_healed":0,"gold_gain":0,"player_choice":"Entered Light","damage_taken":23,"max_hp_gain":0,"max_hp_loss":0,"event_name":"Shining Light","floor":5,"gold_loss":0,"cards_upgraded":["Defend_R","Iron Wave"]}],"is_beta":false,"boss_relics":[],"items_purged_floors":[],"is_endless":false,"potions_floor_spawned":[1,3],"killed_by":"Lots of Slimes","ascension_level":20,"potion_discard_per_floor":[[],[],[],[],[],[],[]]}