{"neow_bonuses_skipped_log":["UPGRADE_CARD","RANDOM_COLORLESS_2","BOSS_RELIC"],"potions_obtained_entropic_brew":[[],[],[],[],[],[],[],[],[],[],[],[],[],[],[],[]],"neow_costs_skipped_log":["NONE","CURSE","NONE"],"gold_per_floor":[218,233,246,11,28,28,39,59,59,85,85,100,128,128,128,128],"floor_reached":16,"playtime":1156,"items_purged":["Strike_R"],"score":228,"play_id":"80df0df6-a433-4876-8ffe-c588fc50f7e7","local_time":"20231126230116","score_breakdown":["Floors Climbed (16): 80","Enemies Slain (7): 14","Exordium Elites Killed (2): 20","Bosses Slain (0): 0","Ascension (20): 114"],"is_ascension_mode":true,"potions_obtained_alchemize":[[],[],[],[],[],[],[],[],[],[],[],[],[],[],[],[]],"campfire_choices":[{"data":"Perfected Strike","floor":6,"key":"SMITH"},{"data":"Bash","floor":11,"key":"SMITH"},{"data":"Pommel Strike","floor":15,"key":"SMITH"}],"lesson_learned_per_floor":[[],[],[],[],[],[],[],[],[],[],[],[],[],[],[],[]],"neow_cost":"NONE","improvable_cards":{},"seed_source_timestamp":254435000511375,"shop_contents":[{"floor":4,"relics":["War Paint","HandDrill"],"cards":["Reaper","Perfected Strike","True Grit","Limit Break","Rupture","Purity","Master of Strategy"],"potions":["ElixirPotion","PowerPotion","Block Potion"]}],"circlet_count":0,"master_deck":["AscendersBane","Strike_R","Strike_R","Strike_R","Strike_R","Defend_R","Defend_R","Defend_R","Defend_R","Bash+1","Shrug It Off","Fire Breathing","Perfected Strike+1","Clothesline","Pommel Strike+1","Havoc","Cleave"],"potion_use_per_floor":[[],[],[],[],[],[],[],["ColorlessPotion"],[],[],[],[],["DistilledChaos"],[],[],["BlessingOfTheForge","SkillPotion"]],"relics":["Burning Blood","Oddly Smooth Stone","Charon\u0027s Ashes","Champion Belt","Self Forming Clay","Golden Idol"],"potions_floor_usage":[8,13,16,16],"damage_taken":[{"damage":9,"enemies":"Jaw Worm","floor":1,"turns":4},{"damage":7,"enemies":"Small Slimes","floor":2,"turns":4},{"damage":6,"enemies":"Cultist","floor":3,"turns":3},{"damage":10,"enemies":"3 Louse","floor":5,"turns":5},{"damage":16,"enemies":"Gremlin Gang","floor":7,"turns":5},{"damage":5,"enemies":"Lots of Slimes","floor":8,"turns":5},{"damage":10,"enemies":"3 Sentries","floor":10,"turns":5},{"damage":14,"enemies":"Red Slaver","floor":12,"turns":2},{"damage":24,"enemies":"Gremlin Nob","floor":13,"turns":4},{"damage":23,"enemies":"The Guardian","floor":16,"turns":15}],"seed_played":"2771407420710700817","neow_bonus_log":{"cardsObtained":[],"cardsUpgraded":[],"cardsRemoved":[],"cardsTransformed":[],"relicsObtained":[],"maxHpGained":0,"goldGained":100,"damageTaken":0,"goldLost":0,"maxHpLost":0},"potions_obtained":[{"floor":7,"key":"ColorlessPotion"},{"floor":8,"key":"BlessingOfTheForge"},{"floor":12,"key":"DistilledChaos"},{"floor":13,"key":"SkillPotion"}],"is_trial":false,"path_per_floor":["M","M","M","$","M","R","M","M","T","E","R","M","E","?","R","B"],"character_chosen":"IRONCLAD","basemod:card_modifiers":[null,null,null,null,null,null,null,null,null,null,null,null,null,null,null,null,null],"items_purchased":["Oddly Smooth Stone"],"campfire_rested":0,"item_purchase_floors":[4],"current_hp_per_floor":[65,64,64,64,60,60,50,51,51,47,47,39,21,21,21,0],"gold":128,"neow_bonus":"HUNDRED_GOLD","is_prod":false,"is_daily":false,"rewards_skipped":[],"chose_seed":false,"campfire_upgraded":3,"win_rate":0,"floor_exit_playtime":[101,149,175,304,390,422,495,570,575,674,688,753,879,885,898],"timestamp":1701057676,"path_taken":["M","M","M","$","M","R","M","M","T","E","R","M","E","?","R","BOSS"],"build_version":"2022-12-01","purchased_purges":1,"victory":false,"max_hp_per_floor":[75,75,75,75,75,75,75,75,75,75,75,75,75,68,68,68],"relic_stats":{"counters":[10,52],"Self Forming Clay":[9],"Golden Idol":0,"Charon\u0027s Ashes":[33],"Champion Belt":[2],"obtain_stats":[{"Self Forming Clay":13,"Golden Idol":14,"Oddly Smooth Stone":4,"Charon\u0027s Ashes":9,"Champion Belt":10,"Burning Blood":0},{"Self Forming Clay":9,"Golden Idol":9,"Oddly Smooth Stone":3,"Charon\u0027s Ashes":6,"Champion Belt":7,"Burning Blood":0},{"Self Forming Clay":37,"Golden Idol":37,"Oddly Smooth Stone":11,"Charon\u0027s Ashes":26,"Champion Belt":31,"Burning Blood":0}],"Burning Blood":54},"card_choices":[{"not_picked":["Thunderclap","Clash"],"picked":"Shrug It Off","floor":1},{"not_picked":["Flex","Sever Soul"],"picked":"Fire Breathing","floor":2},{"not_picked":["Seeing Red","Clothesline"],"picked":"Perfected Strike","floor":3},{"not_picked":["Havoc","Sentinel"],"picked":"Clothesline","floor":5},{"not_picked":["Rupture","Thunderclap","Wild Strike"],"picked":"SKIP","floor":7},{"not_picked":["Flame Barrier","Anger"],"picked":"Pommel Strike","floor":8},{"not_picked":["Corruption","Sever Soul","Bludgeon"],"picked":"SKIP","floor":10},{"not_picked":["Heavy Blade","Anger"],"picked":"Havoc","floor":12},{"not_picked":["Hemokinesis","Demon Form"],"picked":"Cleave","floor":13}],"player_experience":71842,"relics_obtained":[{"floor":9,"key":"Charon\u0027s Ashes"},{"floor":10,"key":"Champion Belt"},{"floor":13,"key":"Self Forming Clay"}],"event_choices":[{"damage_healed":0,"gold_gain":0,"player_choice":"Lose Max HP","damage_taken":0,"relics_obtained":["Golden Idol"],"max_hp_gain":0,"max_hp_loss":7,"event_name":"Golden Idol","floor":14,"gold_loss":0}],"is_beta":false,"boss_relics":[],"items_purged_floors":[4],"is_endless":false,"potions_floor_spawned":[7,8,12,13],"killed_by":"The Guardian","ascension_level":20,"potion_discard_per_floor":[[],[],[],[],[],[],[],[],[],[],[],[],[],[],[],[]]}