{"neow_bonuses_skipped_log":["UPGRADE_CARD","RANDOM_COMMON_RELIC","BOSS_RELIC"],"potions_obtained_entropic_brew":[[],[],[],[],[],[],[],[],[],[],[],[],[],[],[],[]],"neow_costs_skipped_log":["NONE","NONE","NONE"],"gold_per_floor":[117,131,131,94,114,114,143,162,162,162,178,61,91,91,91,91],"floor_reached":16,"playtime":941,"items_purged":[],"score":220,"play_id":"0a6210aa-fce8-4c98-9e8e-761c8c117e11","local_time":"20231204160458","score_breakdown":["Floors Climbed (16): 80","Enemies Slain (5): 10","Exordium Elites Killed (2): 20","Bosses Slain (0): 0","Ascension (20): 110"],"is_ascension_mode":true,"potions_obtained_alchemize":[[],[],[],[],[],[],[],[],[],[],[],[],[],[],[],[]],"campfire_choices":[{"data":"Bludgeon","floor":6,"key":"SMITH"},{"data":"Battle Trance","floor":10,"key":"SMITH"},{"data":"Shockwave","floor":15,"key":"SMITH"}],"lesson_learned_per_floor":[[],[],[],[],[],[],[],[],[],[],[],[],[],[],[],[]],"neow_cost":"TEN_PERCENT_HP_LOSS","improvable_cards":{},"seed_source_timestamp":30523579509333,"shop_contents":[{"floor":12,"relics":["Whetstone","Oddly Smooth Stone","Frozen Eye"],"cards":["Heavy Blade+1","Rampage+1","Warcry","Blind","Apotheosis"],"potions":["FairyPotion","LiquidMemories","Energy Potion"]}],"circlet_count":0,"master_deck":["AscendersBane","Strike_R","Strike_R","Strike_R","Strike_R","Strike_R","Defend_R","Defend_R","Defend_R","Defend_R","Bash","Bludgeon+1","Battle Trance+1","Seeing Red","Headbutt","Pommel Strike+1","Cleave+1","Dark Embrace","Shockwave+1","Pommel Strike+1"],"potion_use_per_floor":[[],[],[],[],[],[],[],[],[],[],[],[],["PowerPotion"],[],[],["LiquidBronze","Fruit Juice"]],"relics":["Burning Blood","Molten Egg 2","Self Forming Clay","PreservedInsect"],"potions_floor_usage":[13,16,16],"damage_taken":[{"damage":16,"enemies":"Jaw Worm","floor":1,"turns":4},{"damage":0,"enemies":"Cultist","floor":2,"turns":2},{"damage":2,"enemies":"2 Louse","floor":5,"turns":3},{"damage":36,"enemies":"Lagavulin","floor":7,"turns":8},{"damage":0,"enemies":"Large Slime","floor":8,"turns":2},{"damage":1,"enemies":"Looter","floor":11,"turns":2},{"damage":36,"enemies":"Gremlin Nob","floor":13,"turns":4},{"damage":35,"enemies":"The Guardian","floor":16,"turns":10}],"seed_played":"-1413252392966615292","neow_bonus_log":{"cardsObtained":[],"cardsUpgraded":[],"cardsRemoved":[],"cardsTransformed":[],"relicsObtained":[],"maxHpGained":0,"goldGained":0,"damageTaken":0,"goldLost":0,"maxHpLost":7},"potions_obtained":[{"floor":1,"key":"LiquidBronze"},{"floor":8,"key":"ElixirPotion"},{"floor":11,"key":"PowerPotion"},{"floor":13,"key":"Fruit Juice"}],"is_trial":false,"path_per_floor":["M","M","?","?","M","R","E","M","T","R","M","$","E","?","R","B"],"character_chosen":"IRONCLAD","basemod:card_modifiers":[null,null,null,null,null,null,null,null,null,null,null,null,null,null,null,null,null,null,null,null],"items_purchased":["Dark Embrace","Shockwave"],"campfire_rested":0,"item_purchase_floors":[12,12],"current_hp_per_floor":[58,64,53,53,57,57,27,33,33,33,38,38,8,30,30,0],"gold":91,"neow_bonus":"THREE_RARE_CARDS","is_prod":false,"is_daily":false,"rewards_skipped":[],"chose_seed":false,"campfire_upgraded":3,"win_rate":0,"floor_exit_playtime":[209,231,287,323,377,393,534,572,593,620,674,689,786,795,807],"timestamp":1701723898,"path_taken":["M","M","?","?","M","R","E","M","T","R","M","$","E","?","R","BOSS"],"build_version":"2022-12-01","purchased_purges":0,"victory":false,"max_hp_per_floor":[68,68,68,68,68,68,68,68,68,68,68,68,68,68,68,73],"relic_stats":{"counters":[8,35],"Self Forming Clay":[18],"PreservedInsect":0,"obtain_stats":[{"Self Forming Clay":9,"Molten Egg 2":7,"PreservedInsect":13,"Burning Blood":0},{"Self Forming Clay":5,"Molten Egg 2":4,"PreservedInsect":7,"Burning Blood":0},{"Self Forming Clay":19,"Molten Egg 2":17,"PreservedInsect":25,"Burning Blood":0}],"Burning Blood":42},"card_choices":[{"not_picked":["Offering","Barricade"],"picked":"Bludgeon","floor":0},{"not_picked":["Rampage","Headbutt"],"picked":"Battle Trance","floor":1},{"not_picked":["Power Through","Wild Strike"],"picked":"Seeing Red","floor":2},{"not_picked":["Iron Wave","Sever Soul"],"picked":"Headbutt","floor":5},{"not_picked":["Iron Wave+1","Blood for Blood+1"],"picked":"Pommel Strike+1","floor":7},{"not_picked":["Heavy Blade+1","Twin Strike+1"],"picked":"Cleave+1","floor":8},{"not_picked":["Body Slam+1","Searing Blow+1","Metallicize"],"picked":"SKIP","floor":11},{"not_picked":["Armaments","Blood for Blood+1"],"picked":"Pommel Strike+1","floor":13}],"player_experience":104626,"relics_obtained":[{"floor":7,"key":"Molten Egg 2"},{"floor":9,"key":"Self Forming Clay"},{"floor":13,"key":"PreservedInsect"}],"event_choices":[{"damage_healed":0,"gold_gain":0,"player_choice":"Fled","damage_taken":11,"max_hp_gain":0,"max_hp_loss":0,"event_name":"Scrap Ooze","floor":3,"gold_loss":0},{"damage_healed":0,"gold_gain":0,"player_choice":"Left Gold","damage_taken":0,"max_hp_gain":0,"max_hp_loss":0,"event_name":"World of Goop","floor":4,"gold_loss":37},{"damage_healed":22,"gold_gain":0,"player_choice":"Banana","damage_taken":0,"max_hp_gain":0,"max_hp_loss":0,"event_name":"Big Fish","floor":14,"gold_loss":0}],"is_beta":false,"boss_relics":[],"items_purged_floors":[],"is_endless":false,"potions_floor_spawned":[1,8,11,13],"killed_by":"The Guardian","ascension_level":20,"potion_discard_per_floor":[[],[],[],[],[],[],[],[],[],[],["ElixirPotion"],[],[],[],[],[]]}