{"neow_bonuses_skipped_log":["REMOVE_CARD","RANDOM_COLORLESS_2","BOSS_RELIC"],"neow_costs_skipped_log":["NONE","TEN_PERCENT_HP_LOSS","NONE"],"potions_obtained_entropic_brew":[[],[],[],[],[],[],[],[],[],[],[],[],[],[],[],["GamblersBrew","Block Potion"],[],[],[],[],[],[],[],[],[],[],[],[],[],[],[],[],[],[],[],[],[],[],[],[],[],[],[],[],[],[],[],[],[],[],[],[],[],[],[],[],[]],"gold_per_floor":[110,110,124,138,154,181,181,208,262,290,301,68,68,84,84,158,158,178,178,128,13,94,94,113,143,143,171,188,188,218,218,218,293,293,312,324,21,39,50,50,80,92,92,92,127,127,137,174,174,174,174,174,174,19,61,61],"floor_reached":57,"playtime":12791,"items_purged":["Strike_R","Strike_R","Strike_R","Strike_R"],"score":2865,"play_id":"790597db-a070-41eb-9e7d-1b15e8c40cea","local_time":"20231206231232","score_breakdown":["Floors Climbed (57): 285","Enemies Slain (15): 30","Exordium Elites Killed (3): 30","City Elites Killed (3): 60","Beyond Elites Killed (3): 90","Bosses Slain (5): 750","Well Fed: 25","Champion (1): 25","C-c-c-combo: 25","Ascension (20): 1295","Heartbreaker: 250"],"is_ascension_mode":true,"potions_obtained_alchemize":[[],[],[],[],[],[],[],[],[],[],[],[],[],[],[],[],[],[],[],[],[],[],[],[],[],[],[],[],[],[],[],[],[],[],[],[],[],[],[],[],[],[],[],[],[],[],[],[],[],[],[],[],[],[],[],[],[]],"campfire_choices":[{"data":"Whirlwind","floor":7.0,"key":"SMITH"},{"data":"Bash","floor":13.0,"key":"SMITH"},{"data":"Dark Embrace","floor":15.0,"key":"SMITH"},{"data":"Dark Embrace","floor":23.0,"key":"SMITH"},{"data":"Pommel Strike","floor":29.0,"key":"SMITH"},{"data":"Shockwave","floor":32.0,"key":"SMITH"},{"floor":40.0,"key":"RECALL"},{"floor":44,"key":"REST"},{"floor":46,"key":"REST"},{"floor":49,"key":"REST"},{"floor":53,"key":"REST"}],"lesson_learned_per_floor":[[],[],[],[],[],[],[],[],[],[],[],[],[],[],[],[],[],[],[],[],[],[],[],[],[],[],[],[],[],[],[],[],[],[],[],[],[],[],[],[],[],[],[],[],[],[],[],[],[],[],[],[],[],[],[],[],[]],"neow_cost":"NONE","improvable_cards":{},"seed_source_timestamp":0,"shop_contents":[{"floor":12,"relics":["Turnip","Nunchaku","PrismaticShard"],"cards":["Clothesline","Iron Wave","Ghostly Armor","True Grit","Dark Embrace","Madness","Violence"],"potions":["Swift Potion","Strength Potion","Ancient Potion"]},{"floor":21,"relics":["StoneCalendar","Eternal Feather","Lee\u0027s Waffle"],"cards":["Dropkick","Rampage","Limit Break","Armaments","Combust","Dramatic Entrance","Magnetism"],"potions":["BlessingOfTheForge","EssenceOfSteel","Swift Potion"]},{"floor":37,"relics":["Du-Vu Doll","Centennial Puzzle","Toy Ornithopter"],"cards":["Iron Wave+1","Iron Wave+1","Armaments","Warcry","Rupture","Finesse","Panache"],"potions":["SkillPotion","Fire Potion","Weak Potion"]},{"floor":54,"relics":["Champion Belt","Art of War","Brimstone"],"cards":["Perfected Strike+1","Hemokinesis+1","Armaments","Shrug It Off","Rupture","Good Instincts","Chrysalis"],"potions":["Strength Potion","Swift Potion","LiquidMemories"]}],"circlet_count":0,"master_deck":["AscendersBane","Defend_R+1","Defend_R","Defend_R+1","Defend_R","Bash+1","Whirlwind+1","Infernal Blade","Feel No Pain","Pommel Strike+1","Impervious","Shrug It Off","Anger","Dark Embrace+1","Dark Embrace+1","Reaper","Fiend Fire+1","Burning Pact","Second Wind","Clothesline+1","Spot Weakness","Shockwave+1","Offering","Iron Wave+1","Evolve","Feed+1","Pommel Strike+1","Wild Strike+1","Sword Boomerang+1","Purity","Madness","Finesse","Rage+1"],"special_seed":0,"potion_use_per_floor":[[],[],[],[],[],["EssenceOfSteel","SteroidPotion"],[],[],[],["SteroidPotion"],[],[],[],[],[],["EntropicBrew","Block Potion"],[],[],[],[],[],[],[],[],["Regen Potion"],[],[],[],[],[],[],[],["GamblersBrew"],[],[],[],[],["PowerPotion"],[],[],[],[],[],[],[],[],["HeartOfIron"],[],[],[],["Regen Potion"],[],[],[],[],["FairyPotion"],[]],"relics":["Burning Blood","Lantern","The Courier","Vajra","Tiny Chest","Paper Frog","Runic Pyramid","Molten Egg 2","MealTicket","Mummified Hand","Pear","Bird Faced Urn","Fusion Hammer","Membership Card","Regal Pillow","CeramicFish","Bottled Flame","Blood Vial"],"potions_floor_usage":[47,51],"damage_taken":[{"damage":0.0,"enemies":"Cultist","floor":1.0,"turns":2.0},{"damage":0.0,"enemies":"2 Louse","floor":3.0,"turns":4.0},{"damage":4.0,"enemies":"Jaw Worm","floor":4.0,"turns":2.0},{"damage":7.0,"enemies":"Looter","floor":5.0,"turns":4.0},{"damage":25.0,"enemies":"Lagavulin","floor":6.0,"turns":6.0},{"damage":36.0,"enemies":"Gremlin Nob","floor":8.0,"turns":4.0},{"damage":0.0,"enemies":"3 Sentries","floor":10.0,"turns":1.0},{"damage":0.0,"enemies":"Exordium Thugs","floor":11.0,"turns":2.0},{"damage":0.0,"enemies":"Large Slime","floor":14.0,"turns":3.0},{"damage":11.0,"enemies":"Slime Boss","floor":16.0,"turns":8.0},{"damage":0.0,"enemies":"Shell Parasite","floor":18.0,"turns":2.0},{"damage":11.0,"enemies":"3 Byrds","floor":24.0,"turns":6.0},{"damage":18.0,"enemies":"Book of Stabbing","floor":25.0,"turns":4.0},{"damage":9.0,"enemies":"Gremlin Leader","floor":27.0,"turns":6.0},{"damage":16.0,"enemies":"Centurion and Healer","floor":28.0,"turns":6.0},{"damage":29.0,"enemies":"Book of Stabbing","floor":30.0,"turns":6.0},{"damage":43.0,"enemies":"Automaton","floor":33.0,"turns":10.0},{"damage":8.0,"enemies":"Orb Walker","floor":35.0,"turns":1.0},{"damage":17.0,"enemies":"3 Darklings","floor":36.0,"turns":4.0},{"damage":20.0,"enemies":"Transient","floor":38.0,"turns":6.0},{"damage":6.0,"enemies":"Spire Growth","floor":39.0,"turns":4.0},{"damage":39.0,"enemies":"Nemesis","floor":41.0,"turns":9.0},{"damage":8.0,"enemies":"Jaw Worm Horde","floor":42.0,"turns":5.0},{"damage":59,"enemies":"Giant Head","floor":45,"turns":8},{"damage":11,"enemies":"Writhing Mass","floor":47,"turns":6},{"damage":25,"enemies":"Reptomancer","floor":48,"turns":6},{"damage":70,"enemies":"Time Eater","floor":50,"turns":10},{"damage":86,"enemies":"Awakened One","floor":51,"turns":11},{"damage":82,"enemies":"Shield and Spear","floor":55,"turns":8},{"damage":94,"enemies":"The Heart","floor":56,"turns":10}],"green_key_taken_log":48,"seed_played":"-6894054800804810993","neow_bonus_log":{"cardsObtained":[],"cardsUpgraded":[],"cardsRemoved":[],"cardsTransformed":[],"relicsObtained":["Lantern"],"maxHpGained":0,"goldGained":0,"damageTaken":0,"goldLost":0,"maxHpLost":0},"potions_obtained":[{"floor":3.0,"key":"SneckoOil"},{"floor":4.0,"key":"SteroidPotion"},{"floor":5.0,"key":"EssenceOfSteel"},{"floor":8.0,"key":"SteroidPotion"},{"floor":14.0,"key":"SmokeBomb"},{"floor":18.0,"key":"ElixirPotion"},{"floor":24.0,"key":"Regen Potion"},{"floor":28.0,"key":"FairyPotion"},{"floor":33.0,"key":"PowerPotion"},{"floor":39.0,"key":"Ancient Potion"},{"floor":41.0,"key":"HeartOfIron"},{"floor":47,"key":"Regen Potion"}],"is_trial":false,"path_per_floor":["M","?","M","M","M","E","R","E","T","E","M","$","R","M","R","B",null,"M","?","?","$","T","R","M","E","T","E","M","R","E","?","R","B",null,"M","M","$","M","M","R","E","M","T","R","E","R","M","E","R","B","B",null,"R","$","E","B",null],"character_chosen":"IRONCLAD","basemod:card_modifiers":[null,null,null,null,null,null,null,null,null,null,null,null,null,null,null,null,null,null,null,null,null,null,null,null,null,null,null,null,null,null,null,null,null],"items_purchased":["Dark Embrace","Dark Embrace","EntropicBrew","Burning Pact","Membership Card","Evolve","Feed+1","Pommel Strike+1","Purity","Madness","Finesse"],"campfire_rested":4,"item_purchase_floors":[12,12,12,21,37,37,37,37,54,54,54],"current_hp_per_floor":[74,51,57,59,58,39,39,9,9,15,21,21,21,27,27,22,62,68,68,68,68,68,68,63,63,63,77,80,80,71,71,71,64,80,82,85,85,84,89,89,82,97,97,97,70,101,105,90,105,68,53,95,109,109,50,20],"gold":61,"neow_bonus":"RANDOM_COMMON_RELIC","is_prod":false,"is_daily":false,"rewards_skipped":[{"floor":42,"relics":[],"potions":["EssenceOfSteel"]}],"chose_seed":false,"campfire_upgraded":6,"win_rate":0,"floor_exit_playtime":[174,192,255,310,365,492,502,548,554,620,642,698,720,786,797,971,1020,1113,1128,1204,1267,1271,1292,1494,1590,1594,1794,1923,1935,2077,2094,2153,2514,2604,2667,2822,2852,2992,3116,3122,3410,9740,9745,9751,10102,10105,10322,10671,10675,11082,11515,11527,11532,11568,12009,12791],"timestamp":1701922352,"blue_key_relic_skipped_log":{"floor":43,"relicID":"Ornamental Fan"},"path_taken":["M","?","M","?","?","E","R","E","T","E","M","?","R","M","R","BOSS","M","?","?","$","?","R","?","E","T","E","M","R","E","?","R","BOSS","M","M","$","M","M","R","E","M","T","R","E","R","M","E","R","BOSS","BOSS","R","$","E","BOSS"],"build_version":"2022-12-01","purchased_purges":4,"victory":true,"max_hp_per_floor":[75,75,75,75,75,75,75,75,75,75,75,75,75,75,75,75,75,75,75,75,75,75,75,75,75,75,85,85,85,85,85,85,85,85,85,85,85,85,89,89,93,97,97,97,101,101,105,105,105,105,109,109,109,109,109,109],"relic_stats":{"Regal Pillow":1,"counters":[30,164],"CeramicFish":45,"The Courier":576,"Burning Blood":175,"Blood Vial":2,"Bottled Flame":"Clothesline","Mummified Hand":[71],"Bird Faced Urn":[69],"Tiny Chest":1,"MealTicket":0,"Membership Card":576,"obtain_stats":[{"Lantern":0,"Regal Pillow":41,"Pear":27,"CeramicFish":45,"Vajra":8,"The Courier":6,"Burning Blood":0,"Blood Vial":55,"Bottled Flame":48,"Mummified Hand":26,"Bird Faced Urn":30,"Tiny Chest":9,"Molten Egg 2":22,"MealTicket":25,"Fusion Hammer":34,"Membership Card":37,"Paper Frog":10,"Runic Pyramid":17},{"Lantern":0,"Regal Pillow":22,"Pear":14,"CeramicFish":24,"Vajra":6,"The Courier":5,"Burning Blood":0,"Blood Vial":29,"Bottled Flame":26,"Mummified Hand":13,"Bird Faced Urn":16,"Tiny Chest":6,"Molten Egg 2":11,"MealTicket":13,"Fusion Hammer":17,"Membership Card":19,"Paper Frog":7,"Runic Pyramid":10},{"Lantern":0,"Regal Pillow":100,"Pear":54,"CeramicFish":113,"Vajra":22,"The Courier":18,"Burning Blood":0,"Blood Vial":154,"Bottled Flame":125,"Mummified Hand":48,"Bird Faced Urn":66,"Tiny Chest":22,"Molten Egg 2":38,"MealTicket":48,"Fusion Hammer":76,"Membership Card":81,"Paper Frog":23,"Runic Pyramid":36}]},"card_choices":[{"not_picked":["Sever Soul","Hemokinesis"],"picked":"Whirlwind","floor":1.0},{"not_picked":["Entrench","Perfected Strike"],"picked":"Infernal Blade","floor":3.0},{"not_picked":["Warcry","Iron Wave","Body Slam"],"picked":"SKIP","floor":4.0},{"not_picked":["Warcry","Iron Wave","Body Slam"],"picked":"SKIP","floor":4.0},{"not_picked":["True Grit","Shrug It Off"],"picked":"Feel No Pain","floor":5.0},{"not_picked":["Burning Pact","Second Wind"],"picked":"Pommel Strike","floor":6.0},{"not_picked":["Thunderclap","Heavy Blade"],"picked":"Impervious","floor":8.0},{"not_picked":["Reckless Charge","Dual Wield"],"picked":"Shrug It Off","floor":10.0},{"not_picked":["Armaments","Feel No Pain"],"picked":"Anger","floor":11.0},{"not_picked":["Havoc","Infernal Blade"],"picked":"Reaper","floor":14.0},{"not_picked":["Juggernaut","Brutality"],"picked":"Fiend Fire","floor":16.0},{"not_picked":["Sword Boomerang","True Grit","Flex"],"picked":"SKIP","floor":18.0},{"not_picked":["Havoc","Armaments"],"picked":"Second Wind","floor":24.0},{"not_picked":["Wild Strike+1","Rupture","Headbutt+1"],"picked":"SKIP","floor":25.0},{"not_picked":["Bludgeon+1","Blood for Blood+1"],"picked":"Clothesline+1","floor":27.0},{"not_picked":["Twin Strike+1","Sentinel"],"picked":"Spot Weakness","floor":28.0},{"not_picked":["Warcry","Thunderclap+1"],"picked":"Shockwave","floor":30.0},{"not_picked":["Double Tap","Corruption"],"picked":"Offering","floor":33.0},{"not_picked":["Headbutt+1","Clash+1"],"picked":"Iron Wave+1","floor":35.0},{"not_picked":["Anger+1","Clothesline+1","Twin Strike+1"],"picked":"SKIP","floor":36.0},{"not_picked":["True Grit","Searing Blow+1","Cleave+1"],"picked":"SKIP","floor":38.0},{"not_picked":["Carnage+1","Ghostly Armor","Rampage+1"],"picked":"SKIP","floor":39.0},{"not_picked":["Sentinel+1","Iron Wave+1"],"picked":"Wild Strike+1","floor":41.0},{"not_picked":["Shrug It Off","Reaper+1","Clash+1"],"picked":"SKIP","floor":42},{"not_picked":["Blood for Blood+1","Headbutt+1","True Grit"],"picked":"SKIP","floor":45},{"not_picked":["Iron Wave+1","Body Slam+1","Anger+1"],"picked":"SKIP","floor":47},{"not_picked":["Feel No Pain","Reaper+1"],"picked":"Sword Boomerang+1","floor":48},{"not_picked":["Clothesline+1","Blood for Blood+1"],"picked":"Rage+1","floor":55}],"player_experience":70932,"relics_obtained":[{"floor":6.0,"key":"The Courier"},{"floor":8.0,"key":"Vajra"},{"floor":9.0,"key":"Tiny Chest"},{"floor":10.0,"key":"Paper Frog"},{"floor":22.0,"key":"Molten Egg 2"},{"floor":25.0,"key":"MealTicket"},{"floor":26.0,"key":"Mummified Hand"},{"floor":27.0,"key":"Pear"},{"floor":30.0,"key":"Bird Faced Urn"},{"floor":41.0,"key":"Regal Pillow"},{"floor":45,"key":"CeramicFish"},{"floor":48,"key":"Bottled Flame"},{"floor":55,"key":"Blood Vial"}],"event_choices":[{"damage_healed":0.0,"max_hp_gain":0.0,"max_hp_loss":0.0,"gold_gain":0.0,"event_name":"Shining Light","player_choice":"Entered Light","floor":2.0,"gold_loss":0.0,"damage_taken":23.0,"cards_upgraded":["Defend_R","Defend_R"]},{"damage_healed":0.0,"max_hp_gain":0.0,"max_hp_loss":0.0,"gold_gain":0.0,"event_name":"Ghosts","player_choice":"Ignored","floor":19.0,"gold_loss":0.0,"damage_taken":0.0},{"damage_healed":0.0,"max_hp_gain":0.0,"max_hp_loss":0.0,"gold_gain":0.0,"event_name":"Designer","player_choice":"Upgrade","floor":20.0,"gold_loss":50.0,"damage_taken":0.0,"cards_upgraded":["Fiend Fire"]},{"cards_removed":["Strike_R"],"damage_healed":0.0,"max_hp_gain":0.0,"max_hp_loss":0.0,"gold_gain":0.0,"event_name":"Back to Basics","player_choice":"Elegance","floor":31.0,"gold_loss":0.0,"damage_taken":0.0}],"is_beta":false,"boss_relics":[{"not_picked":["SlaversCollar","Black Blood"],"picked":"Runic Pyramid"},{"not_picked":["Empty Cage","Pandora\u0027s Box"],"picked":"Fusion Hammer"}],"items_purged_floors":[12,21,37,54],"is_endless":false,"potions_floor_spawned":[3,4,5,8,14,18,24,28,33,39,41,42,47],"ascension_level":20,"potion_discard_per_floor":[[],[],[],[],["SneckoOil"],[],[],[],[],[],[],[],[],[],[],["SmokeBomb"],[],[],[],[],[],[],[],["ElixirPotion"],[],[],[],[],[],[],[],[],[],[],[],[],[],[],[],[],["Ancient Potion"],[],[],[],[],[],[],[],[],[],[],[],[],[],[],[],[]]}