{"neow_bonuses_skipped_log":["THREE_SMALL_POTIONS","TRANSFORM_TWO_CARDS","BOSS_RELIC"],"potions_obtained_entropic_brew":[[],[],[],[],[],[],[],[],[],[],[],[],[],[],[],[]],"neow_costs_skipped_log":["NONE","NO_GOLD","NONE"],"gold_per_floor":[112,127,141,153,153,153,197,197,244,258,293,293,311,346,346,346],"floor_reached":16,"playtime":1012,"items_purged":[],"score":244,"play_id":"dbbd72fd-d793-4f1b-a760-e9a1ed0f2848","local_time":"20231126224150","score_breakdown":["Floors Climbed (16): 80","Enemies Slain (6): 12","Exordium Elites Killed (3): 30","Bosses Slain (0): 0","Ascension (20): 122"],"is_ascension_mode":true,"potions_obtained_alchemize":[[],[],[],[],[],[],[],[],[],[],[],[],[],[],[],[]],"campfire_choices":[{"data":"Wild Strike","floor":6,"key":"SMITH"},{"data":"Bash","floor":8,"key":"SMITH"},{"data":"Whirlwind","floor":12,"key":"SMITH"},{"data":"Rampage","floor":15,"key":"SMITH"}],"lesson_learned_per_floor":[[],[],[],[],[],[],[],[],[],[],[],[],[],[],[],[]],"neow_cost":"NONE","improvable_cards":{},"seed_source_timestamp":253411264812666,"shop_contents":[],"circlet_count":0,"master_deck":["AscendersBane","Strike_R","Strike_R","Strike_R","Strike_R","Strike_R","Defend_R","Defend_R","Defend_R","Defend_R","Bash+1","Thunderclap","Twin Strike","Wild Strike+1","Feel No Pain","Reaper","Shrug It Off","Whirlwind+1","Anger","Rampage+1"],"potion_use_per_floor":[[],[],[],[],[],[],["ColorlessPotion"],[],[],[],["LiquidBronze"],[],[],["DuplicationPotion"],[],["ElixirPotion"]],"relics":["Burning Blood","Golden Idol","Blue Candle","Regal Pillow","Anchor","Mercury Hourglass"],"potions_floor_usage":[7,11,14,16],"damage_taken":[{"damage":8,"enemies":"Small Slimes","floor":1,"turns":3},{"damage":4,"enemies":"2 Louse","floor":2,"turns":3},{"damage":1,"enemies":"Cultist","floor":3,"turns":3},{"damage":7,"enemies":"2 Fungi Beasts","floor":4,"turns":4},{"damage":29,"enemies":"Gremlin Nob","floor":7,"turns":4},{"damage":17,"enemies":"Looter","floor":10,"turns":3},{"damage":15,"enemies":"3 Sentries","floor":11,"turns":6},{"damage":0,"enemies":"3 Louse","floor":13,"turns":2},{"damage":8,"enemies":"Gremlin Nob","floor":14,"turns":3},{"damage":50,"enemies":"Hexaghost","floor":16,"turns":9}],"seed_played":"-8212409988694861482","neow_bonus_log":{"cardsObtained":[],"cardsUpgraded":[],"cardsRemoved":[],"cardsTransformed":[],"relicsObtained":[],"maxHpGained":0,"goldGained":0,"damageTaken":0,"goldLost":0,"maxHpLost":0},"potions_obtained":[{"floor":2,"key":"LiquidBronze"},{"floor":4,"key":"ColorlessPotion"},{"floor":11,"key":"DuplicationPotion"},{"floor":13,"key":"ElixirPotion"},{"floor":14,"key":"SmokeBomb"}],"is_trial":false,"path_per_floor":["M","M","M","M","?","R","E","R","T","M","E","R","M","E","R","B"],"character_chosen":"IRONCLAD","basemod:card_modifiers":[null,null,null,null,null,null,null,null,null,null,null,null,null,null,null,null,null,null,null,null],"items_purchased":[],"campfire_rested":0,"item_purchase_floors":[],"current_hp_per_floor":[66,68,73,72,68,68,45,45,45,40,39,39,45,43,43,0],"gold":346,"neow_bonus":"THREE_CARDS","is_prod":false,"is_daily":false,"rewards_skipped":[],"chose_seed":false,"campfire_upgraded":4,"win_rate":0,"floor_exit_playtime":[160,212,263,334,370,389,453,472,480,533,718,727,765,835,843],"timestamp":1701056510,"path_taken":["M","M","M","M","?","R","E","R","T","M","E","R","M","E","R","BOSS"],"build_version":"2022-12-01","purchased_purges":0,"victory":false,"max_hp_per_floor":[75,75,75,75,68,68,68,68,68,68,68,68,68,68,68,68],"relic_stats":{"Regal Pillow":0,"counters":[10,40],"Golden Idol":30,"Blue Candle":[0],"obtain_stats":[{"Regal Pillow":9,"Anchor":11,"Golden Idol":5,"Blue Candle":7,"Burning Blood":0,"Mercury Hourglass":14},{"Regal Pillow":5,"Anchor":7,"Golden Idol":4,"Blue Candle":5,"Burning Blood":0,"Mercury Hourglass":9},{"Regal Pillow":17,"Anchor":26,"Golden Idol":13,"Blue Candle":17,"Burning Blood":0,"Mercury Hourglass":31}],"Burning Blood":54,"Mercury Hourglass":[24]},"card_choices":[{"not_picked":["Clash","Dropkick"],"picked":"Thunderclap","floor":0},{"not_picked":["Headbutt","Havoc"],"picked":"Twin Strike","floor":1},{"not_picked":["Thunderclap","Havoc"],"picked":"Wild Strike","floor":2},{"not_picked":["Flame Barrier","Iron Wave"],"picked":"Feel No Pain","floor":3},{"not_picked":["Body Slam","Warcry"],"picked":"Reaper","floor":4},{"not_picked":["Flex","Dropkick"],"picked":"Shrug It Off","floor":7},{"not_picked":["Shrug It Off","Body Slam"],"picked":"Whirlwind","floor":10},{"not_picked":["Perfected Strike","Iron Wave","Thunderclap"],"picked":"SKIP","floor":11},{"not_picked":["Carnage","Twin Strike"],"picked":"Anger","floor":13},{"not_picked":["Bloodletting","Clash"],"picked":"Rampage","floor":14}],"player_experience":70830,"relics_obtained":[{"floor":7,"key":"Blue Candle"},{"floor":9,"key":"Regal Pillow"},{"floor":11,"key":"Anchor"},{"floor":14,"key":"Mercury Hourglass"}],"event_choices":[{"damage_healed":0,"gold_gain":0,"player_choice":"Lose Max HP","damage_taken":0,"relics_obtained":["Golden Idol"],"max_hp_gain":0,"max_hp_loss":7,"event_name":"Golden Idol","floor":5,"gold_loss":0}],"is_beta":false,"boss_relics":[],"items_purged_floors":[],"is_endless":false,"potions_floor_spawned":[2,4,11,13,14],"killed_by":"Hexaghost","ascension_level":20,"potion_discard_per_floor":[[],[],[],[],[],[],[],[],[],[],[],[],[],[],[],[]]}