{"neow_bonuses_skipped_log":["THREE_ENEMY_KILL"],"potions_obtained_entropic_brew":[[],[],[],[],[],[],[],[],[],[],[],[],[],[],[],[],[],[],[],[],[],[],[],[],[],[],[],[],[],[],[],[],[],[],[],[],[],[],[],[],[]],"neow_costs_skipped_log":["NONE"],"gold_per_floor":[111,130,150,169,188,188,199,199,223,223,258,275,306,326,326,402,402,422,422,129,140,230,261,261,277,322,341,359,359,393,34,34,121,121,147,70,84,111,136,136,136],"floor_reached":41,"playtime":4299,"items_purged":["Strike_R","Strike_R"],"score":923,"play_id":"372b733a-8bae-4fcd-a8e9-a4346388b8a1","local_time":"20231201131802","score_breakdown":["Floors Climbed (41): 205","Enemies Slain (17): 34","Exordium Elites Killed (2): 20","City Elites Killed (2): 40","Beyond Elites Killed (0): 0","Bosses Slain (2): 150","Well Fed: 25","Ascension (20): 449"],"is_ascension_mode":true,"potions_obtained_alchemize":[[],[],[],[],[],[],[],[],[],[],[],[],[],[],[],[],[],[],[],[],[],[],[],[],[],[],[],[],[],[],[],[],[],[],[],[],[],[],[],[],[]],"campfire_choices":[{"data":"Flex","floor":6.0,"key":"SMITH"},{"data":"Battle Trance","floor":8.0,"key":"SMITH"},{"data":"Bash","floor":10.0,"key":"SMITH"},{"data":"Exhume","floor":15,"key":"SMITH"},{"floor":24,"key":"REST"},{"data":"Pommel Strike","floor":29,"key":"SMITH"},{"floor":32,"key":"REST"},{"data":"Dark Shackles","floor":40,"key":"SMITH"}],"lesson_learned_per_floor":[[],[],[],[],[],[],[],[],[],[],[],[],[],[],[],[],[],[],[],[],[],[],[],[],[],[],[],[],[],[],[],[],[],[],[],[],[],[],[],[],[]],"neow_cost":"NONE","improvable_cards":{},"seed_source_timestamp":0,"shop_contents":[{"floor":20,"relics":["Gremlin Horn","Boot"],"cards":["Pummel","Havoc","Shrug It Off","Rupture","Panacea","Secret Technique"],"potions":["AttackPotion","FearPotion","Regen Potion"]},{"floor":31,"relics":["Turnip","Mercury Hourglass"],"cards":["Dropkick","Sword Boomerang","Warcry","Armaments","Fire Breathing","Violence"],"potions":["Explosive Potion","BloodPotion","AttackPotion"]},{"floor":36,"relics":["Shovel","Bag of Marbles","Membership Card"],"cards":["Carnage","Perfected Strike","Ghostly Armor","Entrench","Impatience","Violence"],"potions":["Ancient Potion","Ancient Potion","Swift Potion"]}],"circlet_count":0,"master_deck":["AscendersBane","Defend_R+1","Defend_R","Defend_R","Defend_R+1","Bash+1","Battle Trance+1","Anger","Twin Strike","Flex+1","Pummel","Headbutt","Dropkick","Exhume+1","Twin Strike+1","Berserk+1","Shrug It Off+1","Pommel Strike+1","Cleave","Feed","Dark Shackles+1","Violence","Double Energy+1","Feel No Pain","Dagger Throw+1","PiercingWail"],"special_seed":0,"potion_use_per_floor":[[],[],[],[],[],[],["Regen Potion"],[],[],[],[],["DistilledChaos"],[],[],[],[],[],[],[],[],[],[],[],[],["Fire Potion"],[],["Weak Potion"],[],[],["LiquidBronze","SteroidPotion"],[],[],[],[],[],[],[],["SkillPotion"],["ColorlessPotion"],[],[]],"relics":["Burning Blood","Happy Flower","Shuriken","War Paint","Astrolabe","Nilry\u0027s Codex","OrangePellets","Ornamental Fan","Lantern","CeramicFish","PrismaticShard","Coffee Dripper"],"potions_floor_usage":[12,25,27,30,30,38,39],"damage_taken":[{"damage":5.0,"enemies":"Small Slimes","floor":1.0,"turns":3.0},{"damage":12.0,"enemies":"Jaw Worm","floor":2.0,"turns":3.0},{"damage":6.0,"enemies":"Cultist","floor":3.0,"turns":3.0},{"damage":7.0,"enemies":"Looter","floor":4.0,"turns":3.0},{"damage":19.0,"enemies":"Exordium Thugs","floor":5.0,"turns":5.0},{"damage":11.0,"enemies":"3 Louse","floor":7.0,"turns":5.0},{"damage":14,"enemies":"Gremlin Nob","floor":11,"turns":3},{"damage":0,"enemies":"Large Slime","floor":12,"turns":1},{"damage":20,"enemies":"Lagavulin","floor":13,"turns":5},{"damage":9,"enemies":"2 Fungi Beasts","floor":14,"turns":3},{"damage":37,"enemies":"Hexaghost","floor":16,"turns":8},{"damage":0,"enemies":"Chosen","floor":18,"turns":3},{"damage":0,"enemies":"3 Byrds","floor":21,"turns":6},{"damage":33,"enemies":"Gremlin Leader","floor":23,"turns":4},{"damage":0,"enemies":"Sentry and Sphere","floor":25,"turns":3},{"damage":10,"enemies":"Snake Plant","floor":27,"turns":5},{"damage":19,"enemies":"Chosen and Byrds","floor":28,"turns":5},{"damage":31,"enemies":"Book of Stabbing","floor":30,"turns":4},{"damage":27,"enemies":"Collector","floor":33,"turns":6},{"damage":9,"enemies":"3 Darklings","floor":35,"turns":4},{"damage":4,"enemies":"3 Shapes","floor":37,"turns":8},{"damage":22,"enemies":"Writhing Mass","floor":38,"turns":7},{"damage":60,"enemies":"Maw","floor":39,"turns":10},{"damage":34,"enemies":"Reptomancer","floor":41,"turns":2}],"seed_played":"3355034698174598948","neow_bonus_log":{"cardsObtained":[],"cardsUpgraded":[],"cardsRemoved":[],"cardsTransformed":[],"relicsObtained":[],"maxHpGained":7,"goldGained":0,"damageTaken":0,"goldLost":0,"maxHpLost":0},"potions_obtained":[{"floor":3.0,"key":"Fire Potion"},{"floor":5.0,"key":"Regen Potion"},{"floor":11,"key":"DistilledChaos"},{"floor":13,"key":"SteroidPotion"},{"floor":25,"key":"Weak Potion"},{"floor":28,"key":"LiquidBronze"},{"floor":37,"key":"SkillPotion"},{"floor":38,"key":"ColorlessPotion"}],"is_trial":false,"path_per_floor":["M","M","M","M","M","R","M","R","T","R","E","M","E","M","R","B",null,"M","?","$","M","?","E","R","M","T","M","M","R","E","$","R","B",null,"M","$","M","M","M","R","E"],"character_chosen":"IRONCLAD","basemod:card_modifiers":[null,null,null,null,null,null,null,null,null,null,null,null,null,null,null,null,null,null,null,null,null,null,null,null,null,null],"items_purchased":["OrangePellets","Cleave","PrismaticShard","Dark Shackles","Feel No Pain"],"campfire_rested":2,"item_purchase_floors":[20,20,31,31,36],"current_hp_per_floor":[76,70,70,69,56,56,65,65,65,65,57,63,49,46,46,15,65,71,50,50,56,44,17,41,53,53,49,39,39,17,17,45,27,80,80,80,85,72,18,18,0],"gold":136,"neow_bonus":"TEN_PERCENT_HP_BONUS","is_prod":false,"is_daily":false,"rewards_skipped":[{"floor":18,"relics":[],"potions":["EntropicBrew"]}],"chose_seed":false,"campfire_upgraded":6,"win_rate":0,"floor_exit_playtime":[107,144,181,233,318,334,404,420,423,433,471,510,586,718,739,948,1058,1131,1165,1206,1435,1475,1825,1849,1964,1968,2221,2407,2418,2554,2653,2657,2956,2995,3212,3234,3471,3785,4100,4123],"timestamp":1701454682,"path_taken":["M","M","M","?","M","R","M","R","T","R","E","M","E","M","R","BOSS","M","?","$","M","?","E","R","M","T","M","?","R","E","$","R","BOSS","M","$","M","M","?","R","E"],"build_version":"2022-12-01","purchased_purges":2,"victory":false,"max_hp_per_floor":[82,82,82,82,82,82,82,82,82,82,82,82,82,82,82,82,82,82,82,82,82,82,82,82,88,88,88,91,91,94,94,94,97,97,100,100,103,106,106,106,106],"relic_stats":{"OrangePellets":[28],"Happy Flower":[29],"counters":[24,109],"Shuriken":[41],"Nilry\u0027s Codex":[3,14,12,24],"Ornamental Fan":[104],"Astrolabe":["Twin Strike","Berserk","Shrug It Off"],"CeramicFish":54,"War Paint":["Defend_R","Defend_R"],"obtain_stats":[{"OrangePellets":20,"Lantern":26,"Happy Flower":9,"Shuriken":11,"Nilry\u0027s Codex":19,"Ornamental Fan":23,"Astrolabe":17,"CeramicFish":30,"Coffee Dripper":34,"War Paint":13,"PrismaticShard":31,"Burning Blood":0},{"OrangePellets":12,"Lantern":15,"Happy Flower":6,"Shuriken":7,"Nilry\u0027s Codex":12,"Ornamental Fan":14,"Astrolabe":11,"CeramicFish":18,"Coffee Dripper":19,"War Paint":9,"PrismaticShard":18,"Burning Blood":0},{"OrangePellets":45,"Lantern":58,"Happy Flower":22,"Shuriken":25,"Nilry\u0027s Codex":45,"Ornamental Fan":55,"Astrolabe":42,"CeramicFish":72,"Coffee Dripper":78,"War Paint":31,"PrismaticShard":72,"Burning Blood":0}],"Burning Blood":138},"card_choices":[{"not_picked":["Flex","Body Slam"],"picked":"Battle Trance","floor":1.0},{"not_picked":["Iron Wave","Havoc"],"picked":"Anger","floor":2.0},{"not_picked":["Armaments","Clash"],"picked":"Twin Strike","floor":3.0},{"not_picked":["Spot Weakness","Pommel Strike"],"picked":"Flex","floor":4.0},{"not_picked":["Offering","Spot Weakness"],"picked":"Pummel","floor":5.0},{"not_picked":["Perfected Strike","Dual Wield"],"picked":"Headbutt","floor":7.0},{"not_picked":["Pummel","Searing Blow"],"picked":"Dropkick","floor":11},{"not_picked":["Sword Boomerang","Iron Wave","Twin Strike"],"picked":"SKIP","floor":12},{"not_picked":["Heavy Blade","Headbutt","Thunderclap"],"picked":"SKIP","floor":13},{"not_picked":["Warcry","Iron Wave"],"picked":"Exhume","floor":14},{"not_picked":["Barricade","Demon Form","Bludgeon"],"picked":"SKIP","floor":16},{"not_picked":["Entrench+1","Clash"],"picked":"Pommel Strike","floor":18},{"not_picked":["Warcry+1","Pommel Strike"],"picked":"Feed","floor":23},{"not_picked":["Sever Soul+1","Clash","Metallicize"],"picked":"SKIP","floor":25},{"not_picked":["Dropkick","Iron Wave","Bloodletting"],"picked":"SKIP","floor":27},{"not_picked":["Inflame","Havoc","Wild Strike"],"picked":"SKIP","floor":28},{"not_picked":["Cleave","Warcry","Flame Barrier"],"picked":"SKIP","floor":30},{"not_picked":["Thunder Strike","Double Tap"],"picked":"Violence","floor":33},{"not_picked":["Body Slam","Turbo"],"picked":"Double Energy+1","floor":35},{"not_picked":["Underhanded Strike","Ball Lightning+1","Consecrate"],"picked":"SKIP","floor":37},{"not_picked":["Consecrate","Auto Shields+1"],"picked":"Dagger Throw+1","floor":38},{"not_picked":["Consume","Pommel Strike"],"picked":"PiercingWail","floor":39}],"player_experience":97879,"relics_obtained":[{"floor":9.0,"key":"Happy Flower"},{"floor":11,"key":"Shuriken"},{"floor":13,"key":"War Paint"},{"floor":19,"key":"Nilry\u0027s Codex"},{"floor":23,"key":"Ornamental Fan"},{"floor":26,"key":"Lantern"},{"floor":30,"key":"CeramicFish"}],"event_choices":[{"damage_healed":0,"gold_gain":0,"player_choice":"Obtained Book","damage_taken":21,"max_hp_gain":0,"max_hp_loss":0,"event_name":"Cursed Tome","floor":19,"gold_loss":0},{"damage_healed":0,"gold_gain":90,"player_choice":"GOLD ","damage_taken":12,"max_hp_gain":0,"max_hp_loss":0,"event_name":"Knowing Skull","floor":22,"potions_obtained":[],"gold_loss":0,"cards_obtained":[]}],"is_beta":false,"boss_relics":[{"not_picked":["Ectoplasm","Velvet Choker"],"picked":"Astrolabe"},{"not_picked":["Runic Dome","Mark of Pain"],"picked":"Coffee Dripper"}],"items_purged_floors":[20,31],"is_endless":false,"potions_floor_spawned":[3,5,11,13,18,25,28,37,38],"killed_by":"Reptomancer","ascension_level":20,"potion_discard_per_floor":[[],[],[],[],[],[],[],[],[],[],[],[],[],[],[],[],[],[],[],[],[],[],[],[],[],[],[],[],[],[],[],[],[],[],[],[],[],[],[],[],[]]}