{"neow_bonuses_skipped_log":["UPGRADE_CARD","THREE_ENEMY_KILL","ONE_RARE_RELIC"],"neow_costs_skipped_log":["NONE","NONE","CURSE"],"potions_obtained_entropic_brew":[[],[],[],[],[],[],[],[],[],[],[],[],[],[],[],[]],"gold_per_floor":[117,117,132,146,67,93,93,103,103,103,129,22,22,65,65,65],"floor_reached":16,"playtime":1380,"items_purged":[],"score":286,"play_id":"55b3cf3b-541e-4d3d-b3eb-b3a0a9022a64","local_time":"20231130113356","score_breakdown":["Floors Climbed (16): 80","Enemies Slain (4): 8","Exordium Elites Killed (3): 30","Bosses Slain (0): 0","Champion (1): 25","Ascension (20): 143"],"is_ascension_mode":true,"potions_obtained_alchemize":[[],[],[],[],[],[],[],[],[],[],[],[],[],[],[],[]],"campfire_choices":[{"floor":7,"key":"REST"},{"floor":10,"key":"REST"},{"floor":15,"key":"REST"}],"lesson_learned_per_floor":[[],[],[],[],[],[],[],[],[],[],[],[],[],[],[],[]],"neow_cost":"NONE","improvable_cards":{},"seed_source_timestamp":81200369896791,"shop_contents":[{"floor":5,"relics":["Pantograph","PreservedInsect","Cauldron"],"cards":["Bludgeon","Headbutt","Havoc","Shrug It Off","Dark Embrace","Panacea","Magnetism"],"potions":["Regen Potion","SkillPotion"]},{"floor":12,"relics":["Potion Belt","Paper Frog","ClockworkSouvenir"],"cards":["Sever Soul","Bloodletting","True Grit","Feel No Pain","Trip","Thinking Ahead"],"potions":["SteroidPotion","Swift Potion"]}],"circlet_count":0,"master_deck":["AscendersBane","Strike_R","Strike_R","Strike_R+1","Strike_R","Strike_R","Defend_R","Defend_R","Defend_R+1","Defend_R","Bash","Clothesline","Headbutt","Sword Boomerang","Evolve","Offering","Pommel Strike","Shockwave"],"potion_use_per_floor":[[],[],[],[],[],["Regen Potion","SteroidPotion"],[],[],[],[],[],[],[],["SkillPotion","Strength Potion"],[],[]],"relics":["Black Star","StrikeDummy","Strawberry","Turnip","Kunai","Bag of Marbles","Golden Idol","Tiny Chest","Centennial Puzzle"],"potions_floor_usage":[6,6,14,14],"damage_taken":[{"damage":6,"enemies":"Cultist","floor":1,"turns":3},{"damage":6,"enemies":"Small Slimes","floor":3,"turns":4},{"damage":12,"enemies":"Jaw Worm","floor":4,"turns":2},{"damage":22,"enemies":"Lagavulin","floor":6,"turns":6},{"damage":16,"enemies":"3 Louse","floor":8,"turns":4},{"damage":34,"enemies":"3 Sentries","floor":11,"turns":6},{"damage":6,"enemies":"Gremlin Nob","floor":14,"turns":2},{"damage":31,"enemies":"Slime Boss","floor":16,"turns":5}],"green_key_taken_log":11,"seed_played":"-8569665326415344675","neow_bonus_log":{"cardsObtained":[],"cardsUpgraded":[],"cardsRemoved":[],"cardsTransformed":[],"relicsObtained":["Black Star"],"maxHpGained":0,"goldGained":0,"damageTaken":0,"goldLost":0,"maxHpLost":0},"potions_obtained":[{"floor":3,"key":"SteroidPotion"},{"floor":11,"key":"SkillPotion"}],"is_trial":false,"path_per_floor":["M","?","M","M","$","E","R","M","T","R","E","$","?","E","R","B"],"character_chosen":"IRONCLAD","basemod:card_modifiers":[null,null,null,null,null,null,null,null,null,null,null,null,null,null,null,null,null,null],"items_purchased":["Regen Potion","Pommel Strike","Strength Potion"],"campfire_rested":3,"item_purchase_floors":[5,12,12],"current_hp_per_floor":[62,39,33,21,21,21,45,29,29,53,19,19,19,13,35,4],"gold":65,"neow_bonus":"BOSS_RELIC","is_prod":false,"is_daily":false,"rewards_skipped":[],"chose_seed":false,"campfire_upgraded":0,"win_rate":0,"floor_exit_playtime":[336,382,447,483,615,752,778,860,866,892,1100,1158,1164,1235,1239],"timestamp":1701362036,"path_taken":["M","?","M","M","?","E","R","M","T","R","E","$","?","E","R","BOSS"],"build_version":"2022-12-01","purchased_purges":0,"victory":false,"max_hp_per_floor":[75,75,75,75,75,82,82,82,82,82,82,82,74,74,74,74],"relic_stats":{"Centennial Puzzle":[3],"counters":[8,32],"Golden Idol":9,"Tiny Chest":0,"Turnip":[0],"Black Star":3,"Kunai":[3],"obtain_stats":[{"Centennial Puzzle":14,"Golden Idol":13,"Strawberry":6,"Tiny Chest":14,"Turnip":9,"Black Star":0,"Bag of Marbles":11,"Kunai":11,"StrikeDummy":6,"Burning Blood":0},{"Centennial Puzzle":7,"Golden Idol":6,"Strawberry":4,"Tiny Chest":7,"Turnip":5,"Black Star":0,"Bag of Marbles":6,"Kunai":6,"StrikeDummy":4,"Burning Blood":0},{"Centennial Puzzle":27,"Golden Idol":25,"Strawberry":15,"Tiny Chest":27,"Turnip":19,"Black Star":0,"Bag of Marbles":25,"Kunai":25,"StrikeDummy":15,"Burning Blood":0}]},"card_choices":[{"not_picked":["Heavy Blade","True Grit"],"picked":"Clothesline","floor":1},{"not_picked":["Disarm","Clothesline"],"picked":"Headbutt","floor":3},{"not_picked":["Heavy Blade","Iron Wave"],"picked":"Sword Boomerang","floor":4},{"not_picked":["Clash","Pummel"],"picked":"Evolve","floor":6},{"not_picked":["Metallicize","Clothesline"],"picked":"Offering","floor":8},{"not_picked":["Headbutt","Demon Form","Carnage"],"picked":"SKIP","floor":11},{"not_picked":["Thunderclap","Carnage"],"picked":"Shockwave","floor":14}],"player_experience":95983,"relics_obtained":[{"floor":6,"key":"StrikeDummy"},{"floor":6,"key":"Strawberry"},{"floor":9,"key":"Turnip"},{"floor":11,"key":"Kunai"},{"floor":11,"key":"Bag of Marbles"},{"floor":14,"key":"Tiny Chest"},{"floor":14,"key":"Centennial Puzzle"}],"event_choices":[{"damage_healed":0,"gold_gain":0,"player_choice":"Entered Light","damage_taken":23,"max_hp_gain":0,"max_hp_loss":0,"event_name":"Shining Light","floor":2,"gold_loss":0,"cards_upgraded":["Defend_R","Strike_R"]},{"damage_healed":0,"gold_gain":0,"player_choice":"Lose Max HP","damage_taken":0,"relics_obtained":["Golden Idol"],"max_hp_gain":0,"max_hp_loss":8,"event_name":"Golden Idol","floor":13,"gold_loss":0}],"is_beta":false,"boss_relics":[],"items_purged_floors":[],"is_endless":false,"potions_floor_spawned":[3,11],"killed_by":"Slime Boss","ascension_level":20,"potion_discard_per_floor":[[],[],[],[],[],[],[],[],[],[],[],[],[],[],[],[]]}