{"neow_bonuses_skipped_log":["THREE_SMALL_POTIONS","ONE_RARE_RELIC","BOSS_RELIC"],"potions_obtained_entropic_brew":[[],[],[],[],[],[],[],[],[],[],[],[],[],[],[],[],[],[],[],[],[],[],[],[],[]],"neow_costs_skipped_log":["NONE","PERCENT_DAMAGE","NONE"],"gold_per_floor":[110,123,141,159,177,177,212,223,223,223,223,249,262,288,288,365,365,380,393,405,330,345,345,368,368],"floor_reached":25,"playtime":2448,"items_purged":[],"score":454,"play_id":"3fa3f1b5-adc8-4f68-a58b-8ae7084d37f8","local_time":"20231202005620","score_breakdown":["Floors Climbed (25): 125","Enemies Slain (11): 22","Exordium Elites Killed (3): 30","City Elites Killed (0): 0","Bosses Slain (1): 50","Ascension (20): 227"],"is_ascension_mode":true,"potions_obtained_alchemize":[[],[],[],[],[],[],[],[],[],[],[],[],[],[],[],[],[],[],[],[],[],[],[],[],[]],"campfire_choices":[{"data":"Hemokinesis","floor":6.0,"key":"SMITH"},{"data":"Pommel Strike","floor":10.0,"key":"SMITH"},{"data":"Shockwave","floor":15.0,"key":"SMITH"},{"data":"Disarm","floor":23.0,"key":"SMITH"}],"lesson_learned_per_floor":[[],[],[],[],[],[],[],[],[],[],[],[],[],[],[],[],[],[],[],[],[],[],[],[],[]],"neow_cost":"NONE","improvable_cards":{},"seed_source_timestamp":122095393534125,"shop_contents":[],"circlet_count":0,"master_deck":["AscendersBane","Strike_R","Defend_R","Defend_R","Defend_R","Bash","Pommel Strike+1","Hemokinesis+1","Shockwave+1","Cleave","Metallicize","Warcry","Iron Wave","Armaments","Juggernaut","Shockwave+1","Feel No Pain+1","Corruption+1","True Grit","Pommel Strike","Disarm+1"],"special_seed":0,"potion_use_per_floor":[[],[],[],[],[],[],["SpeedPotion"],[],[],[],[],[],[],["DistilledChaos"],[],["PowerPotion"],[],[],[],["PowerPotion"],[],[],[],[],["Dexterity Potion","LiquidMemories"]],"relics":["Burning Blood","Incense Burner","Dream Catcher","Nunchaku","Astrolabe","CeramicFish"],"potions_floor_usage":[25,25],"damage_taken":[{"damage":7.0,"enemies":"Small Slimes","floor":1.0,"turns":4.0},{"damage":2.0,"enemies":"2 Louse","floor":2.0,"turns":2.0},{"damage":3.0,"enemies":"Cultist","floor":3.0,"turns":3.0},{"damage":7.0,"enemies":"3 Louse","floor":4.0,"turns":5.0},{"damage":23.0,"enemies":"Exordium Wildlife","floor":5.0,"turns":4.0},{"damage":17.0,"enemies":"Lagavulin","floor":7.0,"turns":6.0},{"damage":12.0,"enemies":"Red Slaver","floor":8.0,"turns":4.0},{"damage":24.0,"enemies":"Gremlin Nob","floor":12.0,"turns":4.0},{"damage":11.0,"enemies":"Large Slime","floor":13.0,"turns":7.0},{"damage":3.0,"enemies":"3 Sentries","floor":14.0,"turns":5.0},{"damage":14.0,"enemies":"The Guardian","floor":16.0,"turns":14.0},{"damage":5.0,"enemies":"Spheric Guardian","floor":18.0,"turns":4.0},{"damage":18.0,"enemies":"Shell Parasite","floor":19.0,"turns":5.0},{"damage":5.0,"enemies":"Sentry and Sphere","floor":20.0,"turns":6.0},{"damage":18.0,"enemies":"Snake Plant","floor":22.0,"turns":7.0},{"damage":44,"enemies":"Gremlin Leader","floor":25,"turns":7}],"green_key_taken_log":12,"seed_played":"1397996530915593030","neow_bonus_log":{"cardsObtained":["Pommel Strike"],"cardsUpgraded":[],"cardsRemoved":[],"cardsTransformed":["Strike_R"],"relicsObtained":[],"maxHpGained":0,"goldGained":0,"damageTaken":0,"goldLost":0,"maxHpLost":0},"potions_obtained":[{"floor":1.0,"key":"Explosive Potion"},{"floor":5.0,"key":"SpeedPotion"},{"floor":12.0,"key":"PowerPotion"},{"floor":13.0,"key":"DistilledChaos"},{"floor":14.0,"key":"PowerPotion"},{"floor":16.0,"key":"LiquidMemories"},{"floor":22.0,"key":"Dexterity Potion"}],"is_trial":false,"path_per_floor":["M","M","M","M","M","R","E","M","T","R","?","E","M","E","R","B",null,"M","M","M","?","M","R","T","E"],"character_chosen":"IRONCLAD","basemod:card_modifiers":[null,null,null,null,null,null,null,null,null,null,null,null,null,null,null,null,null,null,null,null,null],"items_purchased":[],"campfire_rested":0,"item_purchase_floors":[],"current_hp_per_floor":[67,71,74,73,56,56,45,39,39,39,44,26,21,24,24,16,64,65,53,54,54,42,42,42,0],"gold":368,"neow_bonus":"TRANSFORM_CARD","is_prod":false,"is_daily":false,"rewards_skipped":[],"chose_seed":false,"campfire_upgraded":4,"win_rate":0,"floor_exit_playtime":[165,202,239,360,496,509,586,647,654,712,745,834,973,1134,1151,1469,1594,1690,1828,1999,2015,2159,2184,2187],"timestamp":1701496580,"blue_key_relic_skipped_log":{"floor":9,"relicID":"Bottled Flame"},"path_taken":["M","M","M","M","M","R","E","M","T","R","?","E","?","E","R","BOSS","M","M","?","?","M","R","?","E"],"build_version":"2022-12-01","purchased_purges":0,"victory":false,"max_hp_per_floor":[75,75,75,75,75,75,75,75,75,75,80,80,80,80,80,80,80,80,80,80,80,80,80,80,80],"relic_stats":{"Dream Catcher":0,"Nunchaku":[6],"counters":[16,87],"Astrolabe":["Shockwave","Feel No Pain","Corruption"],"CeramicFish":0,"obtain_stats":[{"Dream Catcher":12,"Nunchaku":14,"Astrolabe":17,"CeramicFish":24,"Incense Burner":7,"Burning Blood":0},{"Dream Catcher":8,"Nunchaku":10,"Astrolabe":11,"CeramicFish":15,"Incense Burner":6,"Burning Blood":0},{"Dream Catcher":32,"Nunchaku":44,"Astrolabe":58,"CeramicFish":80,"Incense Burner":24,"Burning Blood":0}],"Burning Blood":90},"card_choices":[{"not_picked":["Evolve","Flex"],"picked":"Hemokinesis","floor":1.0},{"not_picked":["Seeing Red","Combust"],"picked":"Shockwave","floor":2.0},{"not_picked":["Armaments","True Grit"],"picked":"Cleave","floor":3.0},{"not_picked":["Body Slam","Pummel","Twin Strike"],"picked":"SKIP","floor":4.0},{"not_picked":["Infernal Blade","Feel No Pain","Cleave"],"picked":"SKIP","floor":5.0},{"not_picked":["Shockwave","Cleave"],"picked":"Metallicize","floor":7.0},{"not_picked":["Clash","Body Slam"],"picked":"Warcry","floor":8.0},{"not_picked":["Corruption","Anger"],"picked":"Iron Wave","floor":12.0},{"not_picked":["Anger","Havoc"],"picked":"Armaments","floor":13.0},{"not_picked":["Whirlwind","Anger","Havoc"],"picked":"SKIP","floor":14.0},{"not_picked":["Demon Form","Exhume"],"picked":"Juggernaut","floor":16.0},{"not_picked":["Headbutt","Perfected Strike+1"],"picked":"True Grit","floor":18.0},{"not_picked":["Fire Breathing","True Grit"],"picked":"Pommel Strike","floor":19.0},{"not_picked":["Headbutt","Armaments"],"picked":"Disarm","floor":20.0},{"not_picked":["Juggernaut","Flame Barrier","Headbutt"],"picked":"SKIP","floor":22.0}],"player_experience":102178,"relics_obtained":[{"floor":7.0,"key":"Incense Burner"},{"floor":12.0,"key":"Dream Catcher"},{"floor":14.0,"key":"Nunchaku"},{"floor":24.0,"key":"CeramicFish"}],"event_choices":[{"damage_healed":0.0,"max_hp_gain":5.0,"max_hp_loss":0.0,"gold_gain":0.0,"event_name":"Big Fish","player_choice":"Donut","floor":11.0,"gold_loss":0.0,"damage_taken":0.0},{"cards_removed":["Strike_R"],"damage_healed":0.0,"max_hp_gain":0.0,"max_hp_loss":0.0,"gold_gain":0.0,"event_name":"Beggar","player_choice":"Gave Gold","floor":21.0,"gold_loss":75.0,"damage_taken":0.0}],"is_beta":false,"boss_relics":[{"not_picked":["Empty Cage","Calling Bell"],"picked":"Astrolabe"}],"items_purged_floors":[],"is_endless":false,"potions_floor_spawned":[1,5,12,13,14,16,22],"killed_by":"Gremlin Leader","ascension_level":20,"potion_discard_per_floor":[[],[],[],[],[],[],[],[],[],[],[],[],["Explosive Potion"],[],[],[],[],[],[],[],[],[],[],[],[]]}