{"neow_bonuses_skipped_log":["TRANSFORM_CARD","TEN_PERCENT_HP_BONUS","RANDOM_COLORLESS_2"],"neow_costs_skipped_log":["NONE","NONE","CURSE"],"potions_obtained_entropic_brew":[[],[],[],[],[],[],[],[],[],[],[],[],[],[],[],[],[],[],[],[],[],[],[],[],[],[],[],[],[],[],[],[],[],[],[],[],[],[],[],[],[],[],[],[],[],[],[],[],[],[]],"gold_per_floor":[113,129,143,143,155,184,149,174,199,215,215,227,227,256,256,329,329,345,36,62,73,123,123,154,168,216,216,228,246,246,272,272,350,350,368,43,92,108,108,108,142,153,177,177,177,177,191,191,191,191],"floor_reached":50,"playtime":4193,"items_purged":["Strike_R","Strike_R"],"score":1070,"play_id":"82269d97-ce3f-4d20-9bd7-2832c9af26ab","local_time":"20231128091602","falling_options_log":["Shrug It Off+1","Evolve"],"score_breakdown":["Floors Climbed (50): 250","Enemies Slain (15): 30","Exordium Elites Killed (3): 30","City Elites Killed (1): 20","Beyond Elites Killed (1): 30","Bosses Slain (2): 150","Overkill: 25","Ascension (20): 535"],"is_ascension_mode":true,"potions_obtained_alchemize":[[],[],[],[],[],[],[],[],[],[],[],[],[],[],[],[],[],[],[],[],[],[],[],[],[],[],[],[],[],[],[],[],[],[],[],[],[],[],[],[],[],[],[],[],[],[],[],[],[],[]],"campfire_choices":[{"floor":13.0,"key":"REST"},{"data":"True Grit","floor":15.0,"key":"SMITH"},{"data":"Bludgeon","floor":23.0,"key":"SMITH"},{"data":"Disarm","floor":27.0,"key":"SMITH"},{"data":"Heavy Blade","floor":32.0,"key":"SMITH"},{"data":"Battle Trance","floor":40,"key":"SMITH"},{"floor":45,"key":"RECALL"},{"data":"Pommel Strike","floor":49,"key":"SMITH"}],"lesson_learned_per_floor":[[],[],[],[],[],[],[],[],[],[],[],[],[],[],[],[],[],[],[],[],[],[],[],[],[],[],[],[],[],[],[],[],[],[],[],[],[],[],[],[],[],[],[],[],[],[],[],[],[],[]],"neow_cost":"NONE","improvable_cards":{},"seed_source_timestamp":0,"shop_contents":[{"floor":19,"relics":["Ice Cream","Nunchaku"],"cards":["Anger","Thunderclap","Flex","Spot Weakness","Rupture","HandOfGreed"],"potions":["SpeedPotion","ElixirPotion","SkillPotion"]},{"floor":36,"relics":["Shovel","Toolbox"],"cards":["Thunderclap","Sword Boomerang","Havoc","Impatience","Mayhem"],"potions":["PowerPotion","SkillPotion","Explosive Potion"]}],"circlet_count":0,"master_deck":["AscendersBane","Strike_R+1","Strike_R+1","Strike_R","Defend_R","Defend_R","Defend_R","Defend_R+1","Bash","CurseOfTheBell","Bludgeon+1","Armaments","Infernal Blade","Dark Embrace+1","Ghostly Armor","True Grit+1","Disarm+1","Exhume","Disarm","PanicButton","Heavy Blade+1","Power Through","Shrug It Off","Shrug It Off+1","Fiend Fire","Battle Trance+1","Evolve","Shockwave","Intimidate","Pommel Strike+1"],"special_seed":0,"potion_use_per_floor":[[],[],[],[],[],["FearPotion"],[],[],[],[],["BloodPotion"],["Explosive Potion"],[],["PowerPotion"],[],["ColorlessPotion"],[],[],[],[],[],[],[],[],[],[],[],[],["Fruit Juice"],[],[],[],["ElixirPotion","Explosive Potion"],[],[],[],[],["Regen Potion"],[],[],[],[],[],[],[],[],[],[],[],[]],"relics":["Calling Bell","Tiny Chest","Darkstone Periapt","Charon\u0027s Ashes","Oddly Smooth Stone","Bag of Preparation","Smiling Mask","Boot","Coffee Dripper","Brimstone","Blood Vial","Dead Branch","Lantern","Black Star","Centennial Puzzle","Torii","StoneCalendar","Whetstone","Omamori","WarpedTongs","Mercury Hourglass"],"potions_floor_usage":[33,33,38],"damage_taken":[{"damage":1.0,"enemies":"Small Slimes","floor":1.0,"turns":4.0},{"damage":11.0,"enemies":"2 Louse","floor":2.0,"turns":3.0},{"damage":0.0,"enemies":"Cultist","floor":3.0,"turns":2.0},{"damage":12.0,"enemies":"Large Slime","floor":5.0,"turns":6.0},{"damage":6.0,"enemies":"Gremlin Nob","floor":6.0,"turns":3.0},{"damage":40.0,"enemies":"Lagavulin","floor":8.0,"turns":7.0},{"damage":4.0,"enemies":"3 Louse","floor":10.0,"turns":3.0},{"damage":9.0,"enemies":"Exordium Thugs","floor":12.0,"turns":4.0},{"damage":8.0,"enemies":"Gremlin Nob","floor":14.0,"turns":3.0},{"damage":15.0,"enemies":"The Guardian","floor":16.0,"turns":16.0},{"damage":6.0,"enemies":"Chosen","floor":18.0,"turns":4.0},{"damage":5.0,"enemies":"2 Thieves","floor":21.0,"turns":3.0},{"damage":46.0,"enemies":"Slavers","floor":24.0,"turns":5.0},{"damage":1.0,"enemies":"Snake Plant","floor":25.0,"turns":3.0},{"damage":5.0,"enemies":"3 Cultists","floor":28.0,"turns":4.0},{"damage":2.0,"enemies":"Centurion and Healer","floor":29.0,"turns":5.0},{"damage":7,"enemies":"Automaton","floor":33,"turns":9},{"damage":3,"enemies":"3 Shapes","floor":35,"turns":2},{"damage":12,"enemies":"2 Orb Walkers","floor":37,"turns":4},{"damage":16,"enemies":"3 Darklings","floor":38,"turns":3},{"damage":25,"enemies":"Reptomancer","floor":41,"turns":3},{"damage":1,"enemies":"Jaw Worm Horde","floor":42,"turns":3},{"damage":0,"enemies":"Spire Growth","floor":47,"turns":2},{"damage":51,"enemies":"Awakened One","floor":50,"turns":3}],"green_key_taken_log":8,"seed_played":"-8632931259458832932","neow_bonus_log":{"cardsObtained":[],"cardsUpgraded":[],"cardsRemoved":[],"cardsTransformed":[],"relicsObtained":["Calling Bell"],"maxHpGained":0,"goldGained":0,"damageTaken":0,"goldLost":0,"maxHpLost":0},"potions_obtained":[{"floor":5.0,"key":"FearPotion"},{"floor":6.0,"key":"BloodPotion"},{"floor":10.0,"key":"Explosive Potion"},{"floor":12.0,"key":"PowerPotion"},{"floor":14.0,"key":"ColorlessPotion"},{"floor":18.0,"key":"Explosive Potion"},{"floor":21.0,"key":"Fruit Juice"},{"floor":29.0,"key":"ElixirPotion"},{"floor":33,"key":"Regen Potion"},{"floor":35,"key":"DuplicationPotion"}],"is_trial":false,"path_per_floor":["M","M","M","?","M","E","?","E","T","M","?","M","R","E","R","B",null,"M","$","T","M","?","R","E","M","T","R","M","M","?","T","R","B",null,"M","$","?","M","?","R","E","M","T","?","R","T","M","?","R","B"],"character_chosen":"IRONCLAD","basemod:card_modifiers":[null,null,null,null,null,null,null,null,null,null,null,null,null,null,null,null,null,null,null,null,null,null,null,null,null,null,null,null,null,null],"items_purchased":["PanicButton","Brimstone","Evolve","Shockwave","Centennial Puzzle"],"campfire_rested":1,"item_purchase_floors":[19,19,36,36,36],"current_hp_per_floor":[67,56,56,61,49,43,63,23,23,19,11,2,26,18,18,3,61,55,55,55,52,52,52,8,9,9,9,6,11,11,11,11,6,65,64,64,54,49,49,49,26,27,27,27,27,27,29,46,46,0],"gold":191,"neow_bonus":"BOSS_RELIC","is_prod":false,"is_daily":false,"rewards_skipped":[{"floor":37,"relics":[],"potions":["Weak Potion"]}],"chose_seed":false,"campfire_upgraded":6,"win_rate":0,"floor_exit_playtime":[190,234,259,268,407,457,467,561,567,614,636,774,778,834,850,1139,1213,1294,1485,1501,1621,1633,1660,1863,1957,1961,1994,2154,2264,2271,2276,2291,2902,2982,3106,3164,3357,3466,3496,3538,3762,3885,3896,3906,3919,3923,3974,3981,3992],"timestamp":1701180962,"blue_key_relic_skipped_log":{"floor":31,"relicID":"CeramicFish"},"path_taken":["M","M","M","?","M","E","?","E","T","M","?","M","R","E","R","BOSS","M","$","?","?","?","R","E","M","T","R","M","M","?","?","R","BOSS","M","$","?","M","?","R","E","M","T","?","R","?","?","?","R","BOSS"],"build_version":"2022-12-01","purchased_purges":2,"victory":false,"max_hp_per_floor":[75,75,75,80,80,80,80,80,80,80,80,80,80,80,80,80,80,80,80,80,80,80,80,80,80,80,80,80,85,85,85,85,85,85,85,85,85,85,85,85,85,85,85,85,85,85,85,85,85,85],"relic_stats":{"Darkstone Periapt":0,"Torii":4,"counters":[24,104],"Dead Branch":[120],"StoneCalendar":[0],"Charon\u0027s Ashes":[856],"Bag of Preparation":[36],"Omamori":2,"Whetstone":["Strike_R","Strike_R"],"Smiling Mask":75,"Boot":[9],"WarpedTongs":[5],"Mercury Hourglass":[33],"Blood Vial":26,"Centennial Puzzle":[15],"Tiny Chest":3,"Black Star":1,"obtain_stats":[{"Darkstone Periapt":0,"Lantern":26,"Torii":37,"Dead Branch":24,"Oddly Smooth Stone":6,"StoneCalendar":41,"Charon\u0027s Ashes":0,"Bag of Preparation":8,"Omamori":43,"Whetstone":41,"Smiling Mask":9,"Boot":14,"Burning Blood":0,"WarpedTongs":44,"Mercury Hourglass":46,"Calling Bell":0,"Blood Vial":20,"Centennial Puzzle":36,"Brimstone":19,"Tiny Chest":0,"Coffee Dripper":17,"Black Star":34},{"Darkstone Periapt":0,"Lantern":14,"Torii":19,"Dead Branch":13,"Oddly Smooth Stone":5,"StoneCalendar":21,"Charon\u0027s Ashes":0,"Bag of Preparation":6,"Omamori":22,"Whetstone":21,"Smiling Mask":6,"Boot":9,"Burning Blood":0,"WarpedTongs":22,"Mercury Hourglass":22,"Calling Bell":0,"Blood Vial":11,"Centennial Puzzle":18,"Brimstone":11,"Tiny Chest":0,"Coffee Dripper":10,"Black Star":17},{"Darkstone Periapt":0,"Lantern":66,"Torii":90,"Dead Branch":63,"Oddly Smooth Stone":18,"StoneCalendar":96,"Charon\u0027s Ashes":0,"Bag of Preparation":25,"Omamori":99,"Whetstone":96,"Smiling Mask":25,"Boot":35,"Burning Blood":0,"WarpedTongs":99,"Mercury Hourglass":99,"Calling Bell":0,"Blood Vial":55,"Centennial Puzzle":86,"Brimstone":55,"Tiny Chest":0,"Coffee Dripper":51,"Black Star":84}]},"card_choices":[{"not_picked":["Dark Embrace","Combust"],"picked":"Anger","floor":1.0},{"not_picked":["Intimidate","Iron Wave"],"picked":"Bludgeon","floor":2.0},{"not_picked":["Anger","Perfected Strike"],"picked":"Armaments","floor":3.0},{"not_picked":["Wild Strike","Hemokinesis"],"picked":"Infernal Blade","floor":5.0},{"not_picked":["Juggernaut","Heavy Blade","Thunderclap"],"picked":"SKIP","floor":6.0},{"not_picked":["Body Slam","Entrench"],"picked":"Dark Embrace","floor":8.0},{"not_picked":["Inflame","Perfected Strike"],"picked":"Ghostly Armor","floor":10.0},{"not_picked":["Warcry","Anger"],"picked":"True Grit","floor":12.0},{"not_picked":["Evolve","Impervious"],"picked":"Disarm","floor":14.0},{"not_picked":["Juggernaut","Limit Break"],"picked":"Exhume","floor":16.0},{"not_picked":["Sever Soul","Pommel Strike"],"picked":"Disarm","floor":18.0},{"not_picked":["Seeing Red","Clash"],"picked":"Heavy Blade","floor":21.0},{"not_picked":["Warcry","Wild Strike"],"picked":"Power Through","floor":24.0},{"not_picked":["Rampage","Cleave"],"picked":"Shrug It Off","floor":25.0},{"not_picked":["Perfected Strike","Havoc","Warcry"],"picked":"SKIP","floor":28.0},{"not_picked":["Wild Strike","Cleave"],"picked":"Shrug It Off+1","floor":29.0},{"not_picked":["Limit Break","Berserk"],"picked":"Fiend Fire","floor":33},{"not_picked":["Heavy Blade","True Grit"],"picked":"Battle Trance","floor":35},{"not_picked":["Wild Strike","Sword Boomerang"],"picked":"Intimidate","floor":37},{"not_picked":["Twin Strike","Headbutt+1","True Grit+1"],"picked":"SKIP","floor":38},{"not_picked":["Dual Wield","Anger"],"picked":"Pommel Strike","floor":41},{"not_picked":["Clash","Twin Strike+1","Rupture"],"picked":"SKIP","floor":42},{"not_picked":["Cleave","Evolve","Sword Boomerang"],"picked":"SKIP","floor":47}],"player_experience":80980,"relics_obtained":[{"floor":0.0,"key":"Tiny Chest"},{"floor":0.0,"key":"Darkstone Periapt"},{"floor":0.0,"key":"Charon\u0027s Ashes"},{"floor":6.0,"key":"Oddly Smooth Stone"},{"floor":8.0,"key":"Bag of Preparation"},{"floor":9.0,"key":"Smiling Mask"},{"floor":14.0,"key":"Boot"},{"floor":20.0,"key":"Blood Vial"},{"floor":24.0,"key":"Dead Branch"},{"floor":26.0,"key":"Lantern"},{"floor":37,"key":"Torii"},{"floor":41,"key":"StoneCalendar"},{"floor":41,"key":"Whetstone"},{"floor":43,"key":"Omamori"},{"floor":46,"key":"Mercury Hourglass"}],"event_choices":[{"damage_healed":0.0,"max_hp_gain":5.0,"max_hp_loss":0.0,"gold_gain":0.0,"event_name":"Big Fish","player_choice":"Donut","floor":4.0,"gold_loss":0.0,"damage_taken":0.0},{"damage_healed":20.0,"max_hp_gain":0.0,"max_hp_loss":0.0,"gold_gain":0.0,"event_name":"The Cleric","player_choice":"Healed","floor":7.0,"gold_loss":35.0,"damage_taken":0.0},{"damage_healed":0.0,"max_hp_gain":0.0,"max_hp_loss":0.0,"gold_gain":0.0,"event_name":"Shining Light","player_choice":"Entered Light","floor":11.0,"gold_loss":0.0,"damage_taken":24.0,"cards_upgraded":["Defend_R","Dark Embrace"]},{"damage_healed":0.0,"max_hp_gain":0.0,"max_hp_loss":0.0,"gold_gain":50.0,"event_name":"Nest","player_choice":"Stole From Cult","floor":22.0,"gold_loss":0.0,"damage_taken":0.0},{"damage_healed":0.0,"max_hp_gain":0.0,"max_hp_loss":0.0,"gold_gain":0.0,"event_name":"FaceTrader","player_choice":"Leave","floor":30.0,"gold_loss":0.0,"damage_taken":0.0},{"damage_healed":0,"gold_gain":0,"player_choice":"Fight","damage_taken":0,"max_hp_gain":0,"max_hp_loss":0,"event_name":"Mysterious Sphere","floor":37,"gold_loss":0},{"cards_removed":["Anger"],"damage_healed":0,"gold_gain":0,"player_choice":"Removed Attack","damage_taken":0,"max_hp_gain":0,"max_hp_loss":0,"event_name":"Falling","floor":39,"gold_loss":0},{"damage_healed":0,"gold_gain":0,"player_choice":"Rummage","damage_taken":0,"relics_obtained":["WarpedTongs"],"max_hp_gain":0,"max_hp_loss":0,"event_name":"Accursed Blacksmith","floor":44,"gold_loss":0,"cards_obtained":["Pain"]},{"damage_healed":17,"gold_gain":0,"player_choice":"Writhe","damage_taken":0,"max_hp_gain":0,"max_hp_loss":0,"event_name":"Winding Halls","floor":48,"gold_loss":0,"cards_obtained":["Writhe"]}],"is_beta":false,"boss_relics":[{"not_picked":["Ectoplasm","Empty Cage"],"picked":"Coffee Dripper"},{"not_picked":["Philosopher\u0027s Stone","Fusion Hammer"],"picked":"Black Star"}],"items_purged_floors":[19,36],"is_endless":false,"potions_floor_spawned":[5,6,10,12,14,18,21,29,33,35,37],"killed_by":"Awakened One","ascension_level":20,"potion_discard_per_floor":[[],[],[],[],[],[],[],[],[],[],[],[],[],[],[],[],[],[],[],[],[],[],[],[],[],[],[],[],[],[],[],[],[],[],[],[],[],[],[],[],[],[],[],[],[],[],[],[],[],[]]}