{"neow_bonuses_skipped_log":["TRANSFORM_CARD","THREE_SMALL_POTIONS","BOSS_RELIC"],"neow_costs_skipped_log":["NONE","NONE","NONE"],"potions_obtained_entropic_brew":[[],[],[],[],[],[],[],[]],"gold_per_floor":[359,374,384,14,14,14,50,50],"floor_reached":8,"playtime":1036,"items_purged":[],"score":112,"play_id":"d7c661e7-24bb-4b83-8e43-6477d0d3acab","local_time":"20231126205716","score_breakdown":["Floors Climbed (8): 40","Enemies Slain (3): 6","Exordium Elites Killed (1): 10","Bosses Slain (0): 0","Ascension (20): 56"],"is_ascension_mode":true,"potions_obtained_alchemize":[[],[],[],[],[],[],[],[]],"campfire_choices":[{"data":"1","floor":6.0,"key":"LIFT"}],"lesson_learned_per_floor":[[],[],[],[],[],[],[],[]],"neow_cost":"CURSE","improvable_cards":{},"seed_source_timestamp":247087390700583,"shop_contents":[{"floor":4,"relics":["Happy Flower","Chemical X"],"cards":["Reckless Charge","Armaments","Seeing Red","Feel No Pain","Dramatic Entrance","Sadistic Nature"],"potions":["DistilledChaos","PowerPotion","DistilledChaos"]}],"circlet_count":0,"master_deck":["AscendersBane","Strike_R","Strike_R","Strike_R","Strike_R","Strike_R","Defend_R","Defend_R","Defend_R","Defend_R","Bash","Normality","Pommel Strike","Dark Embrace","Anger","Inflame"],"special_seed":0,"potion_use_per_floor":[[],[],[],[],[],[],["SneckoOil"],[]],"relics":["Burning Blood","Girya","CeramicFish"],"potions_floor_usage":[],"damage_taken":[{"damage":7.0,"enemies":"Jaw Worm","floor":1.0,"turns":3.0},{"damage":12.0,"enemies":"Cultist","floor":2.0,"turns":4.0},{"damage":4.0,"enemies":"Small Slimes","floor":3.0,"turns":5.0},{"damage":50.0,"enemies":"Lagavulin","floor":7.0,"turns":8.0},{"damage":20,"enemies":"3 Louse","floor":8,"turns":1}],"seed_played":"-2178521942676594544","neow_bonus_log":{"cardsObtained":["Normality"],"cardsUpgraded":[],"cardsRemoved":[],"cardsTransformed":[],"relicsObtained":[],"maxHpGained":0,"goldGained":250,"damageTaken":0,"goldLost":0,"maxHpLost":0},"potions_obtained":[{"floor":5.0,"key":"LiquidBronze"},{"floor":5.0,"key":"SneckoOil"}],"is_trial":false,"path_per_floor":["M","M","M","$","?","R","E","M"],"character_chosen":"IRONCLAD","basemod:card_modifiers":[null,null,null,null,null,null,null,null,null,null,null,null,null,null,null,null],"items_purchased":["Girya","Anger"],"campfire_rested":0,"item_purchase_floors":[4,4],"current_hp_per_floor":[67,61,63,63,63,63,19,0],"gold":50,"neow_bonus":"TWO_FIFTY_GOLD","is_prod":false,"is_daily":false,"rewards_skipped":[],"chose_seed":false,"campfire_upgraded":0,"win_rate":0,"floor_exit_playtime":[677,749,801,899,904,916,1021],"timestamp":1701050236,"path_taken":["M","M","M","$","?","R","E","M"],"build_version":"2022-12-01","purchased_purges":0,"victory":false,"max_hp_per_floor":[75,75,75,75,75,75,75,75],"relic_stats":{"Girya":1,"counters":[5,21],"CeramicFish":9,"obtain_stats":[{"Girya":4,"CeramicFish":7,"Burning Blood":0},{"Girya":3,"CeramicFish":4,"Burning Blood":0},{"Girya":12,"CeramicFish":20,"Burning Blood":0}],"Burning Blood":24},"card_choices":[{"not_picked":["Havoc","Feel No Pain"],"picked":"Pommel Strike","floor":1.0},{"not_picked":["Entrench","Havoc","Thunderclap"],"picked":"SKIP","floor":2.0},{"not_picked":["Sword Boomerang","Intimidate"],"picked":"Dark Embrace","floor":3.0},{"not_picked":["Spot Weakness","Bloodletting"],"picked":"Inflame","floor":7.0}],"player_experience":67667,"relics_obtained":[{"floor":7.0,"key":"CeramicFish"}],"event_choices":[{"damage_healed":0.0,"max_hp_gain":0.0,"max_hp_loss":0.0,"gold_gain":0.0,"event_name":"Lab","player_choice":"Got Potions","floor":5.0,"gold_loss":0.0,"damage_taken":0.0}],"is_beta":false,"boss_relics":[],"items_purged_floors":[],"is_endless":false,"potions_floor_spawned":[],"killed_by":"3 Louse","ascension_level":20,"potion_discard_per_floor":[[],[],[],[],[],[],[],[]]}