{"neow_bonuses_skipped_log":["UPGRADE_CARD","THREE_ENEMY_KILL","BOSS_RELIC"],"neow_costs_skipped_log":["NONE","NONE","NONE"],"potions_obtained_entropic_brew":[[],[],[],[],[],[],[],[],[],[],[],[],[],[],[],[],[],[],[],[],[],[],[],[],[]],"gold_per_floor":[364,379,529,546,97,97,124,124,150,212,262,262,187,241,241,337,337,377,353,353,353,430,486,486,486],"floor_reached":25,"playtime":2127,"items_purged":["Doubt"],"score":478,"play_id":"fd5bf027-093d-472f-be32-892f108c0188","local_time":"20231217234036","score_breakdown":["Floors Climbed (25): 125","Enemies Slain (7): 14","Exordium Elites Killed (3): 30","City Elites Killed (1): 20","Bosses Slain (1): 50","Ascension (20): 239"],"is_ascension_mode":true,"potions_obtained_alchemize":[[],[],[],[],[],[],[],[],[],[],[],[],[],[],[],[],[],[],[],[],[],[],[],[],[]],"campfire_choices":[{"data":"HandOfGreed","floor":6,"key":"SMITH"},{"data":"Dark Embrace","floor":8,"key":"SMITH"},{"floor":12,"key":"REST"},{"data":"Shockwave","floor":15,"key":"SMITH"},{"floor":24,"key":"REST"}],"lesson_learned_per_floor":[[],[],[],[],[],[],[],[],[],[],[],[],[],[],[],[],[],[],[],[],[],[],[],[],[]],"neow_cost":"TEN_PERCENT_HP_LOSS","improvable_cards":{},"seed_source_timestamp":316903449978833,"shop_contents":[{"floor":5,"relics":["Prayer Wheel","Blue Candle","Toolbox"],"cards":["Thunderclap","Pummel","Dual Wield","Impatience"],"potions":["SkillPotion","Explosive Potion"]}],"circlet_count":0,"master_deck":["AscendersBane","Strike_R","Strike_R","Defend_R","Defend_R","Defend_R","Defend_R","Bash","Anger","Rampage","Disarm","HandOfGreed+1","Dark Embrace+1","Shockwave+1","Shrug It Off","Seeing Red","Shrug It Off","Impervious","Berserk","Combust","Dark Embrace"],"potion_use_per_floor":[[],[],[],[],[],[],["DistilledChaos"],[],[],[],["Strength Potion"],[],[],[],[],[],[],[],[],["SmokeBomb"],[],[],["BloodPotion"],["Fruit Juice"],[]],"relics":["Burning Blood","Anchor","Tiny Chest","Boot","Dead Branch","SacredBark","Singing Bowl","Peace Pipe"],"potions_floor_usage":[7,11,20,23,24],"damage_taken":[{"damage":6,"enemies":"Cultist","floor":1,"turns":3},{"damage":7,"enemies":"Small Slimes","floor":2,"turns":4},{"damage":4,"enemies":"2 Louse","floor":4,"turns":4},{"damage":21,"enemies":"Lagavulin","floor":7,"turns":7},{"damage":9,"enemies":"2 Fungi Beasts","floor":10,"turns":5},{"damage":44,"enemies":"3 Sentries","floor":11,"turns":7},{"damage":8,"enemies":"Lagavulin","floor":14,"turns":7},{"damage":9,"enemies":"The Guardian","floor":16,"turns":17},{"damage":16,"enemies":"Shell Parasite","floor":18,"turns":8},{"damage":13,"enemies":"2 Thieves","floor":19,"turns":5},{"damage":6,"enemies":"Sentry and Sphere","floor":20,"turns":2},{"damage":54,"enemies":"Gremlin Leader","floor":23,"turns":10},{"damage":56,"enemies":"Book of Stabbing","floor":25,"turns":7}],"green_key_taken_log":11,"seed_played":"-7111898035136138941","neow_bonus_log":{"cardsObtained":[],"cardsUpgraded":[],"cardsRemoved":[],"cardsTransformed":[],"relicsObtained":[],"maxHpGained":0,"goldGained":250,"damageTaken":0,"goldLost":0,"maxHpLost":7},"potions_obtained":[{"floor":1,"key":"DistilledChaos"},{"floor":11,"key":"SmokeBomb"},{"floor":18,"key":"BloodPotion"},{"floor":23,"key":"Fruit Juice"}],"is_trial":false,"path_per_floor":["M","M","?","M","$","R","E","R","T","M","E","R","?","E","R","B",null,"M","M","M","?","T","E","R","E"],"character_chosen":"IRONCLAD","basemod:card_modifiers":[null,null,null,null,null,null,null,null,null,null,null,null,null,null,null,null,null,null,null,null,null],"items_purchased":["Disarm","HandOfGreed","Strength Potion","Dark Embrace"],"campfire_rested":2,"item_purchase_floors":[5,5,5,5],"current_hp_per_floor":[68,67,67,68,68,68,53,53,53,50,12,32,32,30,30,27,58,48,41,41,41,41,20,53,0],"gold":486,"neow_bonus":"TWO_FIFTY_GOLD","is_prod":false,"is_daily":false,"rewards_skipped":[],"chose_seed":false,"campfire_upgraded":3,"win_rate":1,"floor_exit_playtime":[198,250,259,356,411,424,583,601,609,683,835,857,873,1063,1087,1356,1473,1593,1693,1759,1779,1792,2007,2023],"timestamp":1702874436,"path_taken":["M","M","?","?","$","R","E","R","T","?","E","R","?","E","R","BOSS","M","M","M","?","?","E","R","E"],"build_version":"2022-12-01","purchased_purges":1,"victory":false,"max_hp_per_floor":[68,68,68,68,68,68,68,68,68,68,68,68,68,68,68,68,68,68,68,68,68,68,68,78,78],"relic_stats":{"Peace Pipe":0,"Singing Bowl":0,"counters":[13,86],"Dead Branch":[31],"Tiny Chest":1,"Boot":[19],"obtain_stats":[{"Peace Pipe":23,"Anchor":7,"Singing Bowl":22,"Dead Branch":14,"SacredBark":17,"Tiny Chest":9,"Boot":11,"Burning Blood":0},{"Peace Pipe":12,"Anchor":4,"Singing Bowl":11,"Dead Branch":7,"SacredBark":8,"Tiny Chest":4,"Boot":6,"Burning Blood":0},{"Peace Pipe":79,"Anchor":18,"Singing Bowl":69,"Dead Branch":37,"SacredBark":54,"Tiny Chest":18,"Boot":30,"Burning Blood":0}],"Burning Blood":71},"card_choices":[{"not_picked":["Body Slam","Seeing Red","Rupture"],"picked":"SKIP","floor":1},{"not_picked":["Wild Strike","Burning Pact"],"picked":"Anger","floor":2},{"not_picked":["Dropkick","Perfected Strike"],"picked":"Rampage","floor":4},{"not_picked":["Shrug It Off","Cleave"],"picked":"Shockwave","floor":7},{"not_picked":["Inflame","Pummel"],"picked":"Shrug It Off","floor":10},{"not_picked":["Clothesline","Iron Wave"],"picked":"Seeing Red","floor":11},{"not_picked":["Dropkick","Juggernaut"],"picked":"Shrug It Off","floor":14},{"not_picked":["Fiend Fire","Berserk"],"picked":"Impervious","floor":16},{"not_picked":["Body Slam","Clash","Havoc"],"picked":"SKIP","floor":18},{"not_picked":["Metallicize","Thunderclap","Clash"],"picked":"SKIP","floor":19},{"not_picked":["Anger","Carnage+1"],"picked":"Dark Embrace","floor":23}],"player_experience":62943,"relics_obtained":[{"floor":7,"key":"Anchor"},{"floor":9,"key":"Tiny Chest"},{"floor":11,"key":"Boot"},{"floor":14,"key":"Dead Branch"},{"floor":22,"key":"Singing Bowl"},{"floor":23,"key":"Peace Pipe"}],"event_choices":[{"damage_healed":0,"gold_gain":150,"player_choice":"AGREE","damage_taken":0,"max_hp_gain":0,"max_hp_loss":0,"event_name":"Liars Game","floor":3,"gold_loss":0,"cards_obtained":["Doubt"]},{"cards_removed":["Strike_R"],"damage_healed":0,"gold_gain":0,"player_choice":"Card Removal","damage_taken":0,"max_hp_gain":0,"max_hp_loss":0,"event_name":"The Cleric","floor":13,"gold_loss":75},{"damage_healed":0,"gold_gain":0,"cards_transformed":["Strike_R","Strike_R"],"player_choice":"Became Test Subject","damage_taken":0,"max_hp_gain":0,"max_hp_loss":0,"event_name":"Drug Dealer","floor":21,"gold_loss":0,"cards_obtained":["Berserk","Combust"]}],"is_beta":false,"boss_relics":[{"not_picked":["Ectoplasm","Velvet Choker"],"picked":"SacredBark"}],"items_purged_floors":[5],"is_endless":false,"potions_floor_spawned":[1,11,18,23],"killed_by":"Book of Stabbing","ascension_level":20,"potion_discard_per_floor":[[],[],[],[],[],[],[],[],[],[],[],[],[],[],[],[],[],[],[],[],[],[],[],[],[]]}