{"neow_bonuses_skipped_log":["THREE_ENEMY_KILL","TRANSFORM_TWO_CARDS","BOSS_RELIC"],"potions_obtained_entropic_brew":[[],[],[],[],[],[],[],[],[],[]],"neow_costs_skipped_log":["NONE","NO_GOLD","NONE"],"gold_per_floor":[109,120,24,24,24,24,52,52,103,103],"floor_reached":10,"playtime":602,"items_purged":[],"score":128,"play_id":"19941854-ac63-465a-9c55-c2f16d32a452","local_time":"20231228001112","score_breakdown":["Floors Climbed (10): 50","Enemies Slain (2): 4","Exordium Elites Killed (1): 10","Bosses Slain (0): 0","Ascension (20): 64"],"is_ascension_mode":true,"potions_obtained_alchemize":[[],[],[],[],[],[],[],[],[],[]],"campfire_choices":[{"data":"Discovery","floor":6,"key":"SMITH"},{"data":"True Grit","floor":8,"key":"SMITH"}],"lesson_learned_per_floor":[[],[],[],[],[],[],[],[],[],[]],"neow_cost":"NONE","improvable_cards":{},"seed_source_timestamp":184796262321333,"shop_contents":[{"floor":3,"relics":["Molten Egg 2","Omamori","Brimstone"],"cards":["Thunderclap","Iron Wave","Shrug It Off","Bloodletting","Deep Breath","Apotheosis"],"potions":["BlessingOfTheForge","SpeedPotion"]},{"floor":5,"relics":["Oddly Smooth Stone","Bronze Scales","Chemical X"],"cards":["Cleave","Rampage","Flame Barrier","Shrug It Off","Fire Breathing","Purity","Sadistic Nature"],"potions":["Fruit Juice","EntropicBrew","Energy Potion"]}],"circlet_count":0,"master_deck":["AscendersBane","Strike_R","Strike_R","Strike_R","Strike_R","Strike_R","Defend_R","Defend_R","Defend_R","Defend_R","Bash","Discovery+1","Pommel Strike","True Grit+1","Fire Breathing","Corruption"],"potion_use_per_floor":[[],[],[],[],[],[],["BlessingOfTheForge"],[],[],["AttackPotion"]],"relics":["Burning Blood","TungstenRod","MealTicket"],"potions_floor_usage":[7,10],"damage_taken":[{"damage":0,"enemies":"Cultist","floor":1,"turns":2},{"damage":8,"enemies":"2 Louse","floor":2,"turns":4},{"damage":33,"enemies":"Gremlin Nob","floor":7,"turns":4},{"damage":33,"enemies":"Lagavulin","floor":10,"turns":6}],"seed_played":"-8013989545924852653","neow_bonus_log":{"cardsObtained":[],"cardsUpgraded":[],"cardsRemoved":[],"cardsTransformed":[],"relicsObtained":[],"maxHpGained":0,"goldGained":0,"damageTaken":0,"goldLost":0,"maxHpLost":0},"potions_obtained":[{"floor":2,"key":"LiquidBronze"},{"floor":7,"key":"AttackPotion"}],"is_trial":false,"path_per_floor":["M","M","$","?","$","R","E","R","T","E"],"character_chosen":"IRONCLAD","basemod:card_modifiers":[null,null,null,null,null,null,null,null,null,null,null,null,null,null,null,null],"items_purchased":["BlessingOfTheForge","Fire Breathing"],"campfire_rested":0,"item_purchase_floors":[3,3],"current_hp_per_floor":[74,72,72,67,67,67,40,40,40,7],"gold":103,"neow_bonus":"RANDOM_COLORLESS","is_prod":false,"is_daily":false,"rewards_skipped":[],"chose_seed":false,"campfire_upgraded":2,"win_rate":0,"floor_exit_playtime":[123,214,238,249,258,298,456,467,471],"timestamp":1703740272,"path_taken":["M","M","$","?","?","R","E","R","T","E"],"build_version":"2022-12-01","purchased_purges":0,"victory":false,"max_hp_per_floor":[75,75,75,75,75,75,75,75,75,75],"relic_stats":{"counters":[4,16],"MealTicket":0,"obtain_stats":[{"MealTicket":9,"Burning Blood":0,"TungstenRod":7},{"MealTicket":3,"Burning Blood":0,"TungstenRod":3},{"MealTicket":10,"Burning Blood":0,"TungstenRod":10}],"Burning Blood":18,"TungstenRod":2},"card_choices":[{"not_picked":["Enlightenment","Deep Breath"],"picked":"Discovery","floor":0},{"not_picked":["Sever Soul","Entrench"],"picked":"Pommel Strike","floor":1},{"not_picked":["Body Slam","Infernal Blade"],"picked":"True Grit","floor":2},{"not_picked":["Cleave","Sword Boomerang"],"picked":"Corruption","floor":7}],"player_experience":86335,"relics_obtained":[{"floor":7,"key":"TungstenRod"},{"floor":9,"key":"MealTicket"}],"event_choices":[{"damage_healed":0,"gold_gain":0,"player_choice":"Fled","damage_taken":5,"max_hp_gain":0,"max_hp_loss":0,"event_name":"Scrap Ooze","floor":4,"gold_loss":0}],"is_beta":false,"boss_relics":[],"items_purged_floors":[],"is_endless":false,"potions_floor_spawned":[2,7],"killed_by":"Lagavulin","ascension_level":20,"potion_discard_per_floor":[[],[],[],[],[],[],[],[],[],[]]}