{"neow_bonuses_skipped_log":["REMOVE_CARD","TWENTY_PERCENT_HP_BONUS","BOSS_RELIC"],"neow_costs_skipped_log":["NONE","CURSE","NONE"],"potions_obtained_entropic_brew":[[],[],[],[],[],[],[],[],[],[],[],[],[],[],[],[],[],[]],"gold_per_floor":[211,50,66,80,100,134,134,166,192,225,225,225,225,225,225,304,304,304],"floor_reached":18,"playtime":1629,"items_purged":[],"score":356,"play_id":"c2612dca-6708-446a-9dba-51f2e7810291","local_time":"20231223184833","score_breakdown":["Floors Climbed (18): 90","Enemies Slain (4): 8","Exordium Elites Killed (3): 30","City Elites Killed (0): 0","Bosses Slain (1): 50","Ascension (20): 178"],"is_ascension_mode":true,"potions_obtained_alchemize":[[],[],[],[],[],[],[],[],[],[],[],[],[],[],[],[],[],[]],"campfire_choices":[{"data":"Carnage","floor":7.0,"key":"SMITH"},{"data":"True Grit","floor":11.0,"key":"SMITH"},{"data":"Bash","floor":13.0,"key":"SMITH"},{"data":"Disarm","floor":15.0,"key":"SMITH"}],"lesson_learned_per_floor":[[],[],[],[],[],[],[],[],[],[],[],[],[],[],[],[],[],[]],"neow_cost":"NONE","improvable_cards":{},"seed_source_timestamp":12684011151875,"shop_contents":[{"floor":2,"relics":["Tiny Chest","Pantograph"],"cards":["Sever Soul","Pummel","Exhume","True Grit","Combust","Trip","Panache"],"potions":["ElixirPotion","BlessingOfTheForge","LiquidBronze"]}],"circlet_count":0,"master_deck":["AscendersBane","Strike_R","Strike_R","Strike_R","Strike_R","Defend_R","Defend_R","Defend_R","Defend_R","Bash+1","True Grit+1","Headbutt","Disarm+1","Carnage+1","Corruption"],"special_seed":0,"potion_use_per_floor":[[],[],[],[],[],["CultistPotion"],[],[],[],["Fire Potion"],[],[],[],[],[],["Strength Potion"],[],[]],"relics":["Burning Blood","Sling","Juzu Bracelet","WingedGreaves","Oddly Smooth Stone","Boot","Runic Pyramid"],"potions_floor_usage":[],"damage_taken":[{"damage":11.0,"enemies":"Jaw Worm","floor":1.0,"turns":5.0},{"damage":0.0,"enemies":"2 Louse","floor":3.0,"turns":4.0},{"damage":1.0,"enemies":"Cultist","floor":4.0,"turns":3.0},{"damage":5.0,"enemies":"Blue Slaver","floor":5.0,"turns":5.0},{"damage":33.0,"enemies":"3 Sentries","floor":6.0,"turns":8.0},{"damage":29.0,"enemies":"Lagavulin","floor":8.0,"turns":5.0},{"damage":8.0,"enemies":"Gremlin Nob","floor":10.0,"turns":3.0},{"damage":6.0,"enemies":"The Guardian","floor":16.0,"turns":16.0},{"damage":66,"enemies":"Spheric Guardian","floor":18,"turns":7}],"green_key_taken_log":8,"seed_played":"2290744919639867380","neow_bonus_log":{"cardsObtained":[],"cardsUpgraded":[],"cardsRemoved":[],"cardsTransformed":[],"relicsObtained":[],"maxHpGained":0,"goldGained":100,"damageTaken":0,"goldLost":0,"maxHpLost":0},"potions_obtained":[{"floor":1.0,"key":"Fire Potion"},{"floor":3.0,"key":"CultistPotion"},{"floor":8.0,"key":"LiquidMemories"},{"floor":10.0,"key":"Strength Potion"}],"is_trial":false,"path_per_floor":["M","$","M","M","M","E","R","E","T","E","R","?","R","?","R","B",null,"M"],"character_chosen":"IRONCLAD","basemod:card_modifiers":[null,null,null,null,null,null,null,null,null,null,null,null,null,null,null],"items_purchased":["Sling"],"campfire_rested":0,"item_purchase_floors":[2],"current_hp_per_floor":[63,63,69,74,75,48,48,25,25,23,23,23,23,19,19,19,61,0],"gold":304,"neow_bonus":"HUNDRED_GOLD","is_prod":false,"is_daily":false,"rewards_skipped":[],"chose_seed":false,"campfire_upgraded":4,"win_rate":1,"floor_exit_playtime":[115,148,213,247,330,486,499,584,588,639,648,654,668,690,703,1431,1490],"timestamp":1703375313,"path_taken":["M","$","M","M","M","E","R","E","T","E","R","?","R","?","R","BOSS","M"],"build_version":"2022-12-01","purchased_purges":0,"victory":false,"max_hp_per_floor":[75,75,75,75,75,75,75,75,75,75,75,75,75,75,75,75,75,75],"relic_stats":{"counters":[9,56],"WingedGreaves":0,"Juzu Bracelet":1,"Boot":[0],"obtain_stats":[{"Oddly Smooth Stone":9,"WingedGreaves":8,"Juzu Bracelet":6,"Sling":2,"Boot":10,"Burning Blood":0,"Runic Pyramid":17},{"Oddly Smooth Stone":6,"WingedGreaves":6,"Juzu Bracelet":5,"Sling":1,"Boot":7,"Burning Blood":0,"Runic Pyramid":8},{"Oddly Smooth Stone":30,"WingedGreaves":30,"Juzu Bracelet":25,"Sling":5,"Boot":33,"Burning Blood":0,"Runic Pyramid":49}],"Burning Blood":48},"card_choices":[{"not_picked":["Reckless Charge","Warcry"],"picked":"True Grit","floor":1.0},{"not_picked":["Burning Pact","Fire Breathing"],"picked":"Headbutt","floor":3.0},{"not_picked":["Bloodletting","Sword Boomerang"],"picked":"Disarm","floor":4.0},{"not_picked":["Clothesline","Heavy Blade"],"picked":"Carnage","floor":5.0},{"not_picked":["Headbutt","Hemokinesis","Juggernaut"],"picked":"SKIP","floor":6.0},{"not_picked":["Sword Boomerang","Perfected Strike","True Grit"],"picked":"SKIP","floor":8.0},{"not_picked":["Metallicize","Reckless Charge","True Grit"],"picked":"SKIP","floor":10.0},{"not_picked":["Brutality","Bludgeon"],"picked":"Corruption","floor":16.0}],"player_experience":62633,"relics_obtained":[{"floor":6.0,"key":"Juzu Bracelet"},{"floor":8.0,"key":"WingedGreaves"},{"floor":9.0,"key":"Oddly Smooth Stone"},{"floor":10.0,"key":"Boot"}],"event_choices":[{"cards_removed":["Strike_R"],"damage_healed":0.0,"max_hp_gain":0.0,"max_hp_loss":0.0,"gold_gain":0.0,"event_name":"Purifier","player_choice":"Purged","floor":12.0,"gold_loss":0.0,"damage_taken":0.0},{"damage_healed":0.0,"max_hp_gain":0.0,"max_hp_loss":0.0,"gold_gain":0.0,"event_name":"The Woman in Blue","player_choice":"Bought 0 Potions","floor":14.0,"gold_loss":0.0,"damage_taken":0.0}],"is_beta":false,"boss_relics":[{"not_picked":["Runic Dome","Pandora\u0027s Box"],"picked":"Runic Pyramid"}],"items_purged_floors":[],"is_endless":false,"potions_floor_spawned":[1,3,8,10],"killed_by":"Spheric Guardian","ascension_level":20,"potion_discard_per_floor":[[],[],[],[],[],[],[],[],[],[],[],[],[],[],[],[],[],[]]}