{"neow_bonuses_skipped_log":["TEN_PERCENT_HP_BONUS"],"neow_costs_skipped_log":["NONE"],"potions_obtained_entropic_brew":[[],[],[],[],[],[],[],[],[],[],[],[],[],[],[],[],[],[],[],[],[],[],[],[],[],[],[],[],[],[],[],[],[],[],[],[],[],[],[],[],[],[],[],[],[],[],[],[],[],[],[]],"gold_per_floor":[113,113,20,39,39,70,70,95,95,138,162,210,225,57,57,161,161,195,195,245,268,18,18,40,88,124,39,52,52,86,108,117,215,215,235,265,280,280,41,84,44,91,91,121,121,136,136,170,179,179,179],"floor_reached":51,"playtime":5989,"items_purged":[],"score":1547,"play_id":"6a0de7b0-c12a-4a86-ab21-c3829742d549","local_time":"20240104135030","score_breakdown":["Floors Climbed (51): 255","Enemies Slain (17): 34","Exordium Elites Killed (3): 30","City Elites Killed (1): 20","Beyond Elites Killed (2): 60","Bosses Slain (3): 300","Poopy: -1","Money Money (1027): 25","Librarian: 25","Champion (2): 50","Ascension (20): 749"],"is_ascension_mode":true,"potions_obtained_alchemize":[[],[],[],[],[],[],[],[],[],[],[],[],[],[],[],[],[],[],[],[],[],[],[],[],[],[],[],[],[],[],[],[],[],[],[],[],[],[],[],[],[],[],[],[],[],[],[],[],[],[],[]],"campfire_choices":[{"data":"Pommel Strike","floor":7.0,"key":"SMITH"},{"data":"Bash","floor":15.0,"key":"SMITH"},{"data":"Whirlwind","floor":23.0,"key":"SMITH"},{"data":"Dark Embrace","floor":29.0,"key":"SMITH"},{"floor":32.0,"key":"REST"},{"data":"Dark Embrace","floor":45.0,"key":"SMITH"},{"floor":47.0,"key":"RECALL"},{"floor":49.0,"key":"REST"}],"lesson_learned_per_floor":[[],[],[],[],[],[],[],[],[],[],[],[],[],[],[],[],[],[],[],[],[],[],[],[],[],[],[],[],[],[],[],[],[],[],[],[],[],[],[],[],[],[],[],[],[],[],[],[],[],[],[]],"neow_cost":"NONE","improvable_cards":{},"seed_source_timestamp":0,"shop_contents":[{"floor":3,"relics":["Dead Branch","Lantern","TheAbacus"],"cards":["Wild Strike","Twin Strike","Battle Trance","Shrug It Off","Purity","Metamorphosis"],"potions":["EssenceOfSteel","SmokeBomb"]},{"floor":14,"relics":["Lizard Tail","Pantograph","Strange Spoon"],"cards":["Sword Boomerang","Armaments","Jack Of All Trades","Sadistic Nature"],"potions":["Energy Potion","SpeedPotion","HeartOfIron"]},{"floor":22,"relics":["Omamori","Tiny Chest"],"cards":["Rampage","Sword Boomerang","Power Through","Swift Strike","Violence"],"potions":["PowerPotion","AttackPotion","SpeedPotion"]},{"floor":39,"relics":["Boot","Question Card"],"cards":["Twin Strike","Rampage","Double Tap","Flex","Mind Blast","Secret Weapon"],"potions":["Regen Potion","BlessingOfTheForge","BlessingOfTheForge"]}],"circlet_count":0,"master_deck":["AscendersBane","Strike_R","Strike_R","Strike_R","Strike_R","Strike_R","Defend_R","Defend_R","Defend_R","Bash+1","Flame Barrier","Pummel+1","Fire Breathing","Battle Trance","Pommel Strike+1","Reckless Charge+1","Corruption","Headbutt","Dark Embrace+1","Shrug It Off","Anger","Offering","Armaments+1","Whirlwind+1","Brutality","Evolve","Dark Embrace+1","Shockwave","Rage","Burning Pact","Iron Wave+1","Bloodletting","Seeing Red","Exhume","Dropkick+1","Feel No Pain","Burning Pact","Entrench+1","Intimidate","Spot Weakness","Pommel Strike+1"],"special_seed":0,"potion_use_per_floor":[[],[],[],[],[],[],[],[],[],[],[],["FearPotion"],["EssenceOfSteel"],[],[],[],[],["Regen Potion"],[],[],[],[],[],["Energy Potion"],[],[],[],[],[],["SkillPotion"],[],[],["BloodPotion","BlessingOfTheForge"],[],[],[],[],[],[],[],["BloodPotion"],[],[],[],[],["Swift Potion"],[],[],[],[],[]],"relics":["Burning Blood","NeowsBlessing","Golden Idol","Blood Vial","Thread and Needle","Whetstone","CeramicFish","Cursed Key","Nilry\u0027s Codex","Orrery","Dream Catcher","Nunchaku","Runic Pyramid","Spirit Poop","Chemical X","Akabeko","Bag of Preparation"],"potions_floor_usage":[],"damage_taken":[{"damage":0.0,"enemies":"Jaw Worm","floor":1.0,"turns":1.0},{"damage":0.0,"enemies":"2 Louse","floor":4.0,"turns":1.0},{"damage":0.0,"enemies":"Lagavulin","floor":6.0,"turns":1.0},{"damage":9.0,"enemies":"Small Slimes","floor":8.0,"turns":4.0},{"damage":13.0,"enemies":"3 Sentries","floor":10.0,"turns":4.0},{"damage":2.0,"enemies":"3 Louse","floor":11.0,"turns":4.0},{"damage":2.0,"enemies":"Gremlin Nob","floor":12.0,"turns":3.0},{"damage":7.0,"enemies":"Lots of Slimes","floor":13.0,"turns":3.0},{"damage":37.0,"enemies":"Slime Boss","floor":16.0,"turns":7.0},{"damage":9.0,"enemies":"3 Byrds","floor":18.0,"turns":4.0},{"damage":6.0,"enemies":"Shell Parasite","floor":21.0,"turns":4.0},{"damage":9.0,"enemies":"Sentry and Sphere","floor":24.0,"turns":3.0},{"damage":36.0,"enemies":"Book of Stabbing","floor":25.0,"turns":6.0},{"damage":21.0,"enemies":"Cultist and Chosen","floor":28.0,"turns":5.0},{"damage":8.0,"enemies":"Snake Plant","floor":30.0,"turns":4.0},{"damage":12.0,"enemies":"Centurion and Healer","floor":31.0,"turns":3.0},{"damage":30.0,"enemies":"Collector","floor":33.0,"turns":9.0},{"damage":15.0,"enemies":"3 Darklings","floor":35.0,"turns":4.0},{"damage":24.0,"enemies":"Orb Walker","floor":36.0,"turns":3.0},{"damage":33.0,"enemies":"Writhing Mass","floor":37.0,"turns":5.0},{"damage":16.0,"enemies":"Giant Head","floor":40.0,"turns":7.0},{"damage":13.0,"enemies":"Nemesis","floor":42.0,"turns":7.0},{"damage":3.0,"enemies":"Maw","floor":44.0,"turns":7.0},{"damage":11.0,"enemies":"Sphere and 2 Shapes","floor":46.0,"turns":4.0},{"damage":0.0,"enemies":"3 Darklings","floor":48.0,"turns":1.0},{"damage":29.0,"enemies":"Donu and Deca","floor":50.0,"turns":8.0},{"damage":33,"enemies":"Time Eater","floor":51,"turns":2}],"green_key_taken_log":42,"seed_played":"-3538192929160663690","neow_bonus_log":{"cardsObtained":[],"cardsUpgraded":[],"cardsRemoved":[],"cardsTransformed":[],"relicsObtained":["NeowsBlessing"],"maxHpGained":0,"goldGained":0,"damageTaken":0,"goldLost":0,"maxHpLost":0},"potions_obtained":[{"floor":10.0,"key":"SpeedPotion"},{"floor":11.0,"key":"BlessingOfTheForge"},{"floor":12.0,"key":"EssenceOfSteel"},{"floor":13.0,"key":"Regen Potion"},{"floor":16.0,"key":"Energy Potion"},{"floor":18.0,"key":"BloodPotion"},{"floor":28.0,"key":"SkillPotion"},{"floor":31.0,"key":"BlessingOfTheForge"},{"floor":35.0,"key":"SteroidPotion"},{"floor":37.0,"key":"Swift Potion"},{"floor":41.0,"key":"BloodPotion"},{"floor":41.0,"key":"SneckoOil"},{"floor":42.0,"key":"Energy Potion"}],"is_trial":false,"path_per_floor":["M","?","$","M","?","E","R","M","T","E","M","E","M","$","R","B",null,"M","?","?","M","$","R","M","E","T","?","M","R","M","M","R","B",null,"M","M","M","?","$","E","?","E","T","M","R","M","R","M","R","B","B"],"character_chosen":"IRONCLAD","basemod:card_modifiers":[null,null,null,null,null,null,null,null,null,null,null,null,null,null,null,null,null,null,null,null,null,null,null,null,null,null,null,null,null,null,null,null,null,null,null,null,null,null,null,null,null],"items_purchased":["FearPotion","Fire Breathing","Dark Embrace","Shrug It Off","Anger","Orrery","Dark Embrace","Shockwave","Feel No Pain","Chemical X"],"campfire_rested":2,"item_purchase_floors":[3,3,14,14,14,22,22,22,39,39],"current_hp_per_floor":[74,74,74,75,49,55,55,54,54,49,55,61,62,62,62,33,65,75,54,54,56,56,56,55,27,27,27,14,14,14,10,32,25,63,56,40,15,15,15,7,22,17,17,22,22,19,19,27,49,28,0],"gold":179,"neow_bonus":"THREE_ENEMY_KILL","is_prod":false,"is_daily":false,"rewards_skipped":[{"floor":41,"relics":[],"potions":["SneckoOil"]},{"floor":44,"relics":[],"potions":["PowerPotion"]}],"chose_seed":false,"campfire_upgraded":5,"win_rate":1,"floor_exit_playtime":[55,71,97,111,141,154,199,286,293,429,550,669,766,805,826,1004,1031,1165,1176,1181,1338,1477,1500,1777,2017,2032,2040,2313,2330,2534,2663,2702,3094,3146,3359,3454,3653,3662,3711,4124,4142,4506,4525,4915,4933,5264,5273,5328,5338,5843],"timestamp":1704394230,"blue_key_relic_skipped_log":{"floor":26,"relicID":"MealTicket"},"path_taken":["M","?","?","M","?","E","R","M","T","E","M","E","M","$","R","BOSS","M","?","?","M","$","R","?","E","T","?","M","R","M","M","R","BOSS","M","M","M","?","$","E","?","E","T","M","R","M","R","M","R","BOSS","BOSS"],"build_version":"2022-12-01","purchased_purges":0,"victory":false,"max_hp_per_floor":[75,75,75,75,75,75,75,75,75,75,75,75,75,75,75,75,75,75,75,75,75,75,75,75,75,75,75,75,75,75,75,75,75,75,75,75,75,75,75,75,75,75,75,75,75,75,75,75,75,75,75],"relic_stats":{"counters":[27,114],"Golden Idol":161,"Nilry\u0027s Codex":[8,31,8,19],"CeramicFish":225,"Bag of Preparation":[10],"Whetstone":["Pummel","Reckless Charge"],"Cursed Key":1,"Burning Blood":149,"Blood Vial":48,"Dream Catcher":2,"Nunchaku":[18],"Chemical X":[12],"obtain_stats":[{"NeowsBlessing":0,"Golden Idol":5,"Nilry\u0027s Codex":19,"CeramicFish":12,"Spirit Poop":38,"Thread and Needle":9,"Bag of Preparation":42,"Whetstone":10,"Cursed Key":17,"Burning Blood":0,"Akabeko":40,"Blood Vial":6,"Dream Catcher":25,"Nunchaku":27,"Orrery":22,"Chemical X":39,"Runic Pyramid":34},{"NeowsBlessing":0,"Golden Idol":2,"Nilry\u0027s Codex":10,"CeramicFish":7,"Spirit Poop":20,"Thread and Needle":4,"Bag of Preparation":22,"Whetstone":5,"Cursed Key":9,"Burning Blood":0,"Akabeko":21,"Blood Vial":3,"Dream Catcher":13,"Nunchaku":13,"Orrery":11,"Chemical X":20,"Runic Pyramid":17},{"NeowsBlessing":0,"Golden Idol":2,"Nilry\u0027s Codex":32,"CeramicFish":18,"Spirit Poop":78,"Thread and Needle":7,"Bag of Preparation":92,"Whetstone":11,"Cursed Key":28,"Burning Blood":0,"Akabeko":85,"Blood Vial":3,"Dream Catcher":45,"Nunchaku":45,"Orrery":36,"Chemical X":78,"Runic Pyramid":66}]},"card_choices":[{"not_picked":["Heavy Blade","Thunderclap"],"picked":"Flame Barrier","floor":1.0},{"not_picked":["Rampage","Clash"],"picked":"Battle Trance","floor":4.0},{"not_picked":["Metallicize","True Grit"],"picked":"Pommel Strike","floor":6.0},{"not_picked":["Wild Strike","Infernal Blade"],"picked":"Reckless Charge","floor":8.0},{"not_picked":["Warcry","Body Slam"],"picked":"Corruption","floor":10.0},{"not_picked":["Havoc","Sword Boomerang","Iron Wave"],"picked":"SKIP","floor":11.0},{"not_picked":["Exhume","Cleave"],"picked":"Headbutt","floor":12.0},{"not_picked":["Wild Strike","Body Slam","Cleave"],"picked":"SKIP","floor":13.0},{"not_picked":["Wild Strike","Body Slam","Cleave"],"picked":"SKIP","floor":13.0},{"not_picked":["Wild Strike","Body Slam","Cleave"],"picked":"SKIP","floor":13.0},{"not_picked":["Berserk","Double Tap"],"picked":"Offering","floor":16.0},{"not_picked":["Wild Strike+1","Flex"],"picked":"Armaments+1","floor":18.0},{"not_picked":["Twin Strike","Flex"],"picked":"Whirlwind","floor":21.0},{"not_picked":["Sword Boomerang","Cleave"],"picked":"Brutality","floor":22.0},{"not_picked":["Anger","Twin Strike"],"picked":"Evolve","floor":22.0},{"not_picked":["Body Slam","Twin Strike","Clash"],"picked":"SKIP","floor":22.0},{"not_picked":["Sever Soul","Anger","Whirlwind"],"picked":"SKIP","floor":22.0},{"not_picked":["Thunderclap","Clothesline","Armaments"],"picked":"SKIP","floor":22.0},{"not_picked":["Body Slam+1","Perfected Strike"],"picked":"Rage","floor":24.0},{"not_picked":["Wild Strike","Body Slam"],"picked":"Burning Pact","floor":25.0},{"not_picked":["Body Slam","Metallicize","Searing Blow"],"picked":"SKIP","floor":28.0},{"not_picked":["Dropkick","Clash"],"picked":"Iron Wave+1","floor":30.0},{"not_picked":["Havoc","Twin Strike"],"picked":"Bloodletting","floor":31.0},{"not_picked":["Sentinel","Fire Breathing"],"picked":"Seeing Red","floor":32.0},{"not_picked":["Double Tap","Brutality"],"picked":"Exhume","floor":33.0},{"not_picked":["Perfected Strike","Flex","Flame Barrier"],"picked":"SKIP","floor":35.0},{"not_picked":["Flex","Thunderclap"],"picked":"Dropkick+1","floor":36.0},{"not_picked":["Thunderclap","Clash+1","Rampage+1"],"picked":"SKIP","floor":37.0},{"not_picked":["Shrug It Off","Armaments"],"picked":"Burning Pact","floor":40.0},{"not_picked":["Dropkick","Brutality"],"picked":"Entrench+1","floor":42.0},{"not_picked":["Thunderclap+1","Carnage"],"picked":"Intimidate","floor":44.0},{"not_picked":["Twin Strike","Shrug It Off","Thunderclap"],"picked":"SKIP","floor":46.0},{"not_picked":["Twin Strike","Armaments"],"picked":"Spot Weakness","floor":48.0},{"not_picked":["Wild Strike","Perfected Strike+1"],"picked":"Pommel Strike+1","floor":49.0}],"player_experience":84706,"relics_obtained":[{"floor":6.0,"key":"Blood Vial"},{"floor":9.0,"key":"Thread and Needle"},{"floor":10.0,"key":"Whetstone"},{"floor":12.0,"key":"CeramicFish"},{"floor":19.0,"key":"Nilry\u0027s Codex"},{"floor":25.0,"key":"Dream Catcher"},{"floor":40.0,"key":"Akabeko"},{"floor":42.0,"key":"Bag of Preparation"}],"event_choices":[{"damage_healed":0.0,"max_hp_gain":0.0,"max_hp_loss":0.0,"gold_gain":0.0,"cards_transformed":["Defend_R"],"event_name":"Living Wall","player_choice":"Change","floor":2.0,"gold_loss":0.0,"damage_taken":0.0,"cards_obtained":["Pummel"]},{"damage_healed":0.0,"max_hp_gain":0.0,"max_hp_loss":0.0,"gold_gain":0.0,"event_name":"Golden Idol","player_choice":"Take Damage","floor":5.0,"gold_loss":0.0,"damage_taken":26.0,"relics_obtained":["Golden Idol"]},{"damage_healed":0.0,"max_hp_gain":0.0,"max_hp_loss":0.0,"gold_gain":0.0,"event_name":"Cursed Tome","player_choice":"Obtained Book","floor":19.0,"gold_loss":0.0,"damage_taken":21.0},{"damage_healed":0.0,"max_hp_gain":0.0,"max_hp_loss":0.0,"gold_gain":50.0,"event_name":"Nest","player_choice":"Stole From Cult","floor":20.0,"gold_loss":0.0,"damage_taken":0.0},{"damage_healed":0.0,"max_hp_gain":0.0,"max_hp_loss":0.0,"gold_gain":0.0,"event_name":"Addict","player_choice":"Obtained Relic","floor":27.0,"gold_loss":85.0,"damage_taken":0.0,"relics_obtained":["Nunchaku"]},{"cards_removed":["Shame"],"damage_healed":0.0,"max_hp_gain":0.0,"max_hp_loss":0.0,"gold_gain":0.0,"event_name":"Bonfire Elementals","player_choice":"Offered Curse","floor":38.0,"gold_loss":0.0,"damage_taken":0.0,"relics_obtained":["Spirit Poop"]},{"damage_healed":0.0,"max_hp_gain":0.0,"max_hp_loss":0.0,"gold_gain":0.0,"event_name":"The Woman in Blue","player_choice":"Bought 3 Potions","floor":41.0,"gold_loss":0.0,"damage_taken":0.0}],"is_beta":false,"boss_relics":[{"not_picked":["Runic Dome","Busted Crown"],"picked":"Cursed Key"},{"not_picked":["Mark of Pain","Coffee Dripper"],"picked":"Runic Pyramid"}],"items_purged_floors":[],"is_endless":false,"potions_floor_spawned":[10,11,12,13,16,18,28,31,35,37,42,44],"killed_by":"Time Eater","ascension_level":20,"potion_discard_per_floor":[[],[],[],[],[],[],[],[],[],[],["SpeedPotion"],[],[],[],[],["BlessingOfTheForge"],[],[],[],[],[],[],[],[],[],[],[],[],[],[],[],[],[],[],[],[],[],[],[],[],["SteroidPotion"],["SneckoOil"],[],[],[],[],[],[],[],[],[]]}