{"neow_bonuses_skipped_log":["THREE_SMALL_POTIONS","RANDOM_COLORLESS_2","BOSS_RELIC"],"neow_costs_skipped_log":["NONE","CURSE","NONE"],"potions_obtained_entropic_brew":[[],[],[],[],[],[],[],[],[],[],[],[],[],[],[],[],[],[],[],[],[],[],[],[],[],[],[],[],[],[],[],[],[]],"gold_per_floor":[112,112,1,11,27,59,59,94,121,147,174,190,208,238,238,315,315,329,346,346,364,384,384,415,121,121,121,140,173,187,199,199,199],"floor_reached":33,"playtime":6172,"items_purged":["Strike_R"],"score":598,"play_id":"bce272ba-698a-46b3-95df-60e7ee6fe631","local_time":"20240105153306","score_breakdown":["Floors Climbed (33): 165","Enemies Slain (12): 24","Exordium Elites Killed (4): 40","City Elites Killed (1): 20","Bosses Slain (1): 50","Ascension (20): 299"],"is_ascension_mode":true,"potions_obtained_alchemize":[[],[],[],[],[],[],[],[],[],[],[],[],[],[],[],[],[],[],[],[],[],[],[],[],[],[],[],[],[],[],[],[],[]],"campfire_choices":[{"data":"Inflame","floor":7,"key":"SMITH"},{"data":"Bash","floor":15,"key":"SMITH"},{"data":"Pommel Strike","floor":23,"key":"SMITH"},{"data":"Battle Trance","floor":27,"key":"SMITH"},{"data":"True Grit","floor":32,"key":"SMITH"}],"lesson_learned_per_floor":[[],[],[],[],[],[],[],[],[],[],[],[],[],[],[],[],[],[],[],[],[],[],[],[],[],[],[],[],[],[],[],[],[]],"neow_cost":"NONE","improvable_cards":{},"seed_source_timestamp":346484138542584,"shop_contents":[{"floor":3,"relics":["Kunai","Singing Bowl","Toolbox"],"cards":["Clothesline","Havoc","Warcry","Discovery","Metamorphosis"],"potions":["EssenceOfSteel","ElixirPotion","SkillPotion"]},{"floor":25,"relics":["CeramicFish","Boot","DollysMirror"],"cards":["Sever Soul","Blood for Blood","Flex","True Grit","Discovery","Metamorphosis"],"potions":["AttackPotion"]}],"circlet_count":0,"master_deck":["AscendersBane","Strike_R","Strike_R","Strike_R","Strike_R","Defend_R","Defend_R","Defend_R","Defend_R","Bash+1","Bludgeon","Power Through","Inflame+1","Pommel Strike+1","Twin Strike","Pummel","Evolve","Second Wind","Headbutt","Battle Trance+1","True Grit+1","Reaper","Rage","Inflame","Shrug It Off","Feel No Pain","Exhume","Disarm"],"special_seed":0,"potion_use_per_floor":[[],[],[],[],[],["ElixirPotion"],[],[],[],[],["Swift Potion"],[],[],[],[],[],[],[],["LiquidBronze"],[],["Fire Potion"],["ColorlessPotion"],[],["SteroidPotion"],[],[],[],[],["Fire Potion"],["ColorlessPotion","LiquidMemories"],["Regen Potion"],[],["BloodPotion"]],"relics":["Burning Blood","Ornamental Fan","Gremlin Horn","Bag of Preparation","Potion Belt","Odd Mushroom","Darkstone Periapt","Runic Pyramid","Red Mask","Toy Ornithopter","Pantograph"],"potions_floor_usage":[6,11,19,21,22,24,29,30,30,31,33],"damage_taken":[{"damage":7.0,"enemies":"Jaw Worm","floor":1.0,"turns":4.0},{"damage":5,"enemies":"Small Slimes","floor":4,"turns":4},{"damage":1,"enemies":"Cultist","floor":5,"turns":3},{"damage":25,"enemies":"3 Sentries","floor":6,"turns":9},{"damage":8,"enemies":"Gremlin Nob","floor":8,"turns":3},{"damage":32,"enemies":"3 Sentries","floor":10,"turns":7},{"damage":0,"enemies":"The Mushroom Lair","floor":11,"turns":3},{"damage":6,"enemies":"Blue Slaver","floor":12,"turns":4},{"damage":3,"enemies":"Large Slime","floor":13,"turns":5},{"damage":11,"enemies":"Gremlin Nob","floor":14,"turns":3},{"damage":26,"enemies":"Hexaghost","floor":16,"turns":9},{"damage":0,"enemies":"Chosen","floor":18,"turns":5},{"damage":2,"enemies":"3 Byrds","floor":19,"turns":4},{"damage":17,"enemies":"Sentry and Sphere","floor":21,"turns":6},{"damage":9,"enemies":"Chosen and Byrds","floor":22,"turns":6},{"damage":12,"enemies":"Masked Bandits","floor":24,"turns":4},{"damage":19,"enemies":"Snake Plant","floor":28,"turns":5},{"damage":62,"enemies":"Slavers","floor":29,"turns":7},{"damage":28,"enemies":"3 Cultists","floor":30,"turns":6},{"damage":15,"enemies":"Shelled Parasite and Fungi","floor":31,"turns":6},{"damage":97,"enemies":"Champ","floor":33,"turns":25}],"seed_played":"1940150799104678066","neow_bonus_log":{"cardsObtained":["Bludgeon"],"cardsUpgraded":[],"cardsRemoved":[],"cardsTransformed":[],"relicsObtained":[],"maxHpGained":0,"goldGained":0,"damageTaken":0,"goldLost":0,"maxHpLost":0},"potions_obtained":[{"floor":5,"key":"ElixirPotion"},{"floor":6,"key":"LiquidBronze"},{"floor":10,"key":"Swift Potion"},{"floor":11,"key":"SteroidPotion"},{"floor":12,"key":"Fire Potion"},{"floor":21,"key":"ColorlessPotion"},{"floor":22,"key":"BloodPotion"},{"floor":28,"key":"Regen Potion"},{"floor":29,"key":"ColorlessPotion"}],"is_trial":false,"path_per_floor":["M","?","$","M","M","E","R","E","T","E","?","M","M","E","R","B",null,"M","M","?","M","M","R","?","$","T","R","M","E","M","M","R","B"],"character_chosen":"IRONCLAD","basemod:card_modifiers":[null,null,null,null,null,null,null,null,null,null,null,null,null,null,null,null,null,null,null,null,null,null,null,null,null,null,null,null],"items_purchased":["Inflame","Pommel Strike","Feel No Pain","Fire Potion","LiquidMemories"],"campfire_rested":0,"item_purchase_floors":[3,3,25,25,25],"current_hp_per_floor":[67,72,72,73,78,59,59,57,57,31,37,37,40,35,35,15,64,70,80,80,69,66,66,66,66,66,66,53,23,23,34,34,0],"gold":199,"neow_bonus":"ONE_RANDOM_RARE_CARD","is_prod":false,"is_daily":false,"rewards_skipped":[],"chose_seed":false,"campfire_upgraded":5,"win_rate":0,"floor_exit_playtime":[142,147,164,213,242,399,463,541,543,727,833,899,1032,1090,1223,2073,2192,2293,2431,2441,4027,4193,4219,4307,4435,4439,4602,4724,4965,5327,5515,5530],"timestamp":1704486786,"path_taken":["M","?","$","M","M","E","R","E","T","E","?","M","M","E","R","BOSS","M","M","?","M","M","R","?","$","T","R","M","E","M","?","R","BOSS"],"build_version":"2022-12-01","purchased_purges":1,"victory":false,"max_hp_per_floor":[75,80,80,80,80,80,80,80,80,80,80,80,80,80,80,80,80,80,80,80,80,80,80,80,80,80,80,80,80,80,80,80,80],"relic_stats":{"Darkstone Periapt":0,"Gremlin Horn":[15,16],"counters":[21,128],"Ornamental Fan":[80],"Pantograph":25,"Bag of Preparation":[32],"obtain_stats":[{"Potion Belt":10,"Darkstone Periapt":14,"Gremlin Horn":8,"Ornamental Fan":6,"Pantograph":29,"Bag of Preparation":9,"Red Mask":24,"Odd Mushroom":11,"Burning Blood":0,"Toy Ornithopter":26,"Runic Pyramid":17},{"Potion Belt":6,"Darkstone Periapt":10,"Gremlin Horn":5,"Ornamental Fan":4,"Pantograph":18,"Bag of Preparation":5,"Red Mask":16,"Odd Mushroom":7,"Burning Blood":0,"Toy Ornithopter":16,"Runic Pyramid":11},{"Potion Belt":30,"Darkstone Periapt":45,"Gremlin Horn":23,"Ornamental Fan":20,"Pantograph":91,"Bag of Preparation":23,"Red Mask":79,"Odd Mushroom":33,"Burning Blood":0,"Toy Ornithopter":79,"Runic Pyramid":54}],"Burning Blood":117,"Toy Ornithopter":25},"card_choices":[{"not_picked":["Heavy Blade","Burning Pact"],"picked":"Power Through","floor":1.0},{"not_picked":["Shrug It Off","Body Slam"],"picked":"Twin Strike","floor":4},{"not_picked":["Flex","Iron Wave"],"picked":"Pummel","floor":5},{"not_picked":["Iron Wave","Perfected Strike","Wild Strike"],"picked":"SKIP","floor":6},{"not_picked":["Warcry","Exhume"],"picked":"Evolve","floor":8},{"not_picked":["Uppercut","Clothesline"],"picked":"Second Wind","floor":10},{"not_picked":["Combust","Wild Strike","Cleave"],"picked":"SKIP","floor":11},{"not_picked":["Intimidate","Thunderclap"],"picked":"Headbutt","floor":12},{"not_picked":["Iron Wave","Searing Blow"],"picked":"Battle Trance","floor":13},{"not_picked":["Clash","Searing Blow"],"picked":"True Grit","floor":14},{"not_picked":["Berserk","Corruption"],"picked":"Reaper","floor":16},{"not_picked":["Clothesline","Iron Wave+1","Pommel Strike"],"picked":"SKIP","floor":18},{"not_picked":["Clothesline","Iron Wave+1","Pommel Strike"],"picked":"SKIP","floor":18},{"not_picked":["Clash","Pommel Strike"],"picked":"Rage","floor":19},{"not_picked":["Battle Trance+1","Havoc","Fire Breathing"],"picked":"SKIP","floor":21},{"not_picked":["Twin Strike","Anger","Inflame"],"picked":"SKIP","floor":22},{"not_picked":["Twin Strike","Anger"],"picked":"Inflame","floor":22},{"not_picked":["Thunderclap","Searing Blow+1"],"picked":"Shrug It Off","floor":24},{"not_picked":["Iron Wave","Inflame","Anger"],"picked":"SKIP","floor":28},{"not_picked":["Armaments","Hemokinesis"],"picked":"Exhume","floor":29},{"not_picked":["Flex","Anger"],"picked":"Disarm","floor":30},{"not_picked":["Second Wind","Twin Strike","Sever Soul"],"picked":"SKIP","floor":31}],"player_experience":93160,"relics_obtained":[{"floor":6,"key":"Ornamental Fan"},{"floor":8,"key":"Gremlin Horn"},{"floor":9,"key":"Bag of Preparation"},{"floor":10,"key":"Potion Belt"},{"floor":11,"key":"Odd Mushroom"},{"floor":14,"key":"Darkstone Periapt"},{"floor":24,"key":"Red Mask"},{"floor":26,"key":"Toy Ornithopter"},{"floor":29,"key":"Pantograph"}],"event_choices":[{"damage_healed":0.0,"max_hp_gain":5.0,"max_hp_loss":0.0,"gold_gain":0.0,"event_name":"Big Fish","player_choice":"Donut","floor":2.0,"gold_loss":0.0,"damage_taken":0.0},{"damage_healed":0,"gold_gain":0,"player_choice":"Fought Mushrooms","damage_taken":0,"max_hp_gain":0,"max_hp_loss":0,"event_name":"Mushrooms","floor":11,"gold_loss":0},{"damage_healed":0,"gold_gain":0,"player_choice":"Ignored","damage_taken":0,"max_hp_gain":0,"max_hp_loss":0,"event_name":"Ghosts","floor":20,"gold_loss":0},{"damage_healed":0,"gold_gain":0,"player_choice":"Fought Bandits","damage_taken":0,"max_hp_gain":0,"max_hp_loss":0,"event_name":"Masked Bandits","floor":24,"gold_loss":0}],"is_beta":false,"boss_relics":[{"not_picked":["Coffee Dripper","Runic Cube"],"picked":"Runic Pyramid"}],"items_purged_floors":[25],"is_endless":false,"potions_floor_spawned":[5,6,10,11,12,21,22,28,29],"killed_by":"Champ","ascension_level":20,"potion_discard_per_floor":[[],[],[],[],[],[],[],[],[],[],[],[],[],[],[],[],[],[],[],[],[],[],[],[],[],[],[],[],[],[],[],[],[]]}