{"neow_bonuses_skipped_log":["RANDOM_COLORLESS","THREE_ENEMY_KILL","BOSS_RELIC"],"neow_costs_skipped_log":["NONE","NONE","NONE"],"potions_obtained_entropic_brew":[[],[],[],[],[],[],[],[],[],[],[],[],[],[],[],[]],"gold_per_floor":[369,171,171,185,199,199,242,258,281,315,465,490,281,281,281,281],"floor_reached":16,"playtime":1117,"items_purged":["Doubt"],"score":220,"play_id":"24bb0ff4-c505-4c3d-a072-52d73537f6e3","local_time":"20240106204014","score_breakdown":["Floors Climbed (16): 80","Enemies Slain (5): 10","Exordium Elites Killed (2): 20","Bosses Slain (0): 0","Ascension (20): 110"],"is_ascension_mode":true,"potions_obtained_alchemize":[[],[],[],[],[],[],[],[],[],[],[],[],[],[],[],[]],"campfire_choices":[{"data":"Shockwave","floor":6.0,"key":"SMITH"},{"data":"Whirlwind","floor":15,"key":"SMITH"}],"lesson_learned_per_floor":[[],[],[],[],[],[],[],[],[],[],[],[],[],[],[],[]],"neow_cost":"PERCENT_DAMAGE","improvable_cards":{},"seed_source_timestamp":399653037756917,"shop_contents":[{"floor":2,"relics":["StrikeDummy","Whetstone","TheAbacus"],"cards":["Twin Strike","Intimidate","Evolve","Impatience","The Bomb"],"potions":["EssenceOfSteel","GamblersBrew"]},{"floor":13,"relics":["Blue Candle","Kunai","Strange Spoon"],"cards":["Rampage","Clothesline","Warcry","Purity","Panache"],"potions":["DuplicationPotion","SteroidPotion","Fire Potion"]}],"circlet_count":0,"master_deck":["AscendersBane","Strike_R","Strike_R","Strike_R","Strike_R","Strike_R","Defend_R","Defend_R","Defend_R","Defend_R","Bash","Flame Barrier","Cleave","Shockwave+1","Twin Strike","Whirlwind+1","Inflame","Shrug It Off"],"special_seed":0,"potion_use_per_floor":[[],[],[],[],[],[],["Dexterity Potion"],[],[],["Ancient Potion"],[],["SneckoOil"],[],[],[],["Weak Potion","PowerPotion"]],"relics":["Burning Blood","Golden Idol","Bottled Flame","Lantern","Toy Ornithopter"],"potions_floor_usage":[10,12,16,16],"damage_taken":[{"damage":4.0,"enemies":"Small Slimes","floor":1.0,"turns":3.0},{"damage":12.0,"enemies":"Jaw Worm","floor":4.0,"turns":4.0},{"damage":1.0,"enemies":"2 Louse","floor":5.0,"turns":2.0},{"damage":28.0,"enemies":"3 Sentries","floor":7.0,"turns":9.0},{"damage":6.0,"enemies":"Blue Slaver","floor":8.0,"turns":5.0},{"damage":22,"enemies":"Gremlin Nob","floor":10,"turns":4},{"damage":0,"enemies":"Looter","floor":12,"turns":2},{"damage":58,"enemies":"The Guardian","floor":16,"turns":13}],"seed_played":"5008441657233195539","neow_bonus_log":{"cardsObtained":[],"cardsUpgraded":[],"cardsRemoved":[],"cardsTransformed":[],"relicsObtained":[],"maxHpGained":0,"goldGained":250,"damageTaken":18,"goldLost":0,"maxHpLost":0},"potions_obtained":[{"floor":4.0,"key":"Dexterity Potion"},{"floor":8.0,"key":"Ancient Potion"},{"floor":10,"key":"SneckoOil"},{"floor":12,"key":"Weak Potion"}],"is_trial":false,"path_per_floor":["M","$","?","M","M","R","E","M","T","E","?","M","$","?","R","B"],"character_chosen":"IRONCLAD","basemod:card_modifiers":[null,null,null,null,null,null,null,null,null,null,null,null,null,null,null,null,null,null],"items_purchased":["Flame Barrier","PowerPotion","Cleave","Inflame","Shrug It Off"],"campfire_rested":0,"item_purchase_floors":[2,2,2,13,13],"current_hp_per_floor":[52,52,52,46,51,51,29,29,29,13,13,24,24,24,24,0],"gold":281,"neow_bonus":"TWO_FIFTY_GOLD","is_prod":false,"is_daily":false,"rewards_skipped":[],"chose_seed":false,"campfire_upgraded":2,"win_rate":0,"floor_exit_playtime":[239,360,367,405,427,456,603,649,652,715,774,819,938,953,961],"timestamp":1704591614,"path_taken":["M","$","?","M","M","R","E","M","T","E","?","M","$","?","R","BOSS"],"build_version":"2022-12-01","purchased_purges":1,"victory":false,"max_hp_per_floor":[75,75,68,68,68,68,68,68,68,68,68,68,68,68,68,68],"relic_stats":{"Bottled Flame":"Whirlwind","counters":[8,42],"Golden Idol":30,"obtain_stats":[{"Bottled Flame":7,"Lantern":9,"Golden Idol":3,"Burning Blood":0,"Toy Ornithopter":10},{"Bottled Flame":4,"Lantern":5,"Golden Idol":1,"Burning Blood":0,"Toy Ornithopter":6},{"Bottled Flame":18,"Lantern":23,"Golden Idol":3,"Burning Blood":0,"Toy Ornithopter":27}],"Burning Blood":42,"Toy Ornithopter":15},"card_choices":[{"not_picked":["Perfected Strike","Flex","Body Slam"],"picked":"SKIP","floor":1.0},{"not_picked":["Armaments","Warcry"],"picked":"Shockwave","floor":4.0},{"not_picked":["Thunderclap","Clash"],"picked":"Twin Strike","floor":5.0},{"not_picked":["Rupture","Flame Barrier"],"picked":"Whirlwind","floor":7.0},{"not_picked":["Sentinel","Wild Strike","Sword Boomerang"],"picked":"SKIP","floor":8.0},{"not_picked":["Rupture","Corruption","Sentinel"],"picked":"SKIP","floor":10},{"not_picked":["Anger","Body Slam","Sword Boomerang"],"picked":"SKIP","floor":12}],"player_experience":103600,"relics_obtained":[{"floor":7.0,"key":"Bottled Flame"},{"floor":9.0,"key":"Lantern"},{"floor":10,"key":"Toy Ornithopter"}],"event_choices":[{"damage_healed":0.0,"max_hp_gain":0.0,"max_hp_loss":7.0,"gold_gain":0.0,"event_name":"Golden Idol","player_choice":"Lose Max HP","floor":3.0,"gold_loss":0.0,"damage_taken":0.0,"relics_obtained":["Golden Idol"]},{"damage_healed":0,"gold_gain":150,"player_choice":"AGREE","damage_taken":0,"max_hp_gain":0,"max_hp_loss":0,"event_name":"Liars Game","floor":11,"gold_loss":0,"cards_obtained":["Doubt"]},{"damage_healed":0,"gold_gain":0,"player_choice":"Fled","damage_taken":0,"max_hp_gain":0,"max_hp_loss":0,"event_name":"Scrap Ooze","floor":14,"gold_loss":0}],"is_beta":false,"boss_relics":[],"items_purged_floors":[13],"is_endless":false,"potions_floor_spawned":[4,8,10,12],"killed_by":"The Guardian","ascension_level":20,"potion_discard_per_floor":[[],[],[],[],[],[],[],[],[],[],[],[],[],[],[],[]]}