{"neow_bonuses_skipped_log":["TEN_PERCENT_HP_BONUS","REMOVE_TWO","BOSS_RELIC"],"neow_costs_skipped_log":["NONE","NO_GOLD","NONE"],"potions_obtained_entropic_brew":[[],[],[],[],[],[],[],[],[],[],[],[],[],[],[],[]],"gold_per_floor":[118,118,131,141,154,189,189,220,246,246,78,112,112,146,146,146],"floor_reached":16,"playtime":1054,"items_purged":[],"score":256,"play_id":"44c2498d-3e49-4f7e-9565-c0301b0e3f0e","local_time":"20240104141631","score_breakdown":["Floors Climbed (16): 80","Enemies Slain (4): 8","Exordium Elites Killed (4): 40","Bosses Slain (0): 0","Ascension (20): 128"],"is_ascension_mode":true,"potions_obtained_alchemize":[[],[],[],[],[],[],[],[],[],[],[],[],[],[],[],[]],"campfire_choices":[{"data":"Hemokinesis","floor":7,"key":"SMITH"},{"floor":10,"key":"REST"},{"data":"Anger","floor":15,"key":"SMITH"}],"lesson_learned_per_floor":[[],[],[],[],[],[],[],[],[],[],[],[],[],[],[],[]],"neow_cost":"NONE","improvable_cards":{},"seed_source_timestamp":299067393184833,"shop_contents":[{"floor":11,"relics":["Letter Opener","Ice Cream"],"cards":["Clothesline","Sword Boomerang","Second Wind","Warcry","Metallicize","Purity","Violence"],"potions":["FearPotion","SmokeBomb","LiquidBronze"]}],"circlet_count":0,"master_deck":["AscendersBane","Strike_R","Strike_R","Strike_R","Strike_R","Strike_R","Defend_R","Defend_R+1","Defend_R","Defend_R","Bash","Mind Blast","Hemokinesis+1","Cleave","Shrug It Off+1","Pummel","Armaments","Anger+1","Second Wind"],"potion_use_per_floor":[[],[],[],[],[],["Strength Potion"],[],[],[],[],[],["Energy Potion"],[],["LiquidBronze"],[],["LiquidMemories"]],"relics":["Burning Blood","Singing Bowl","MealTicket","War Paint","Orichalcum","Frozen Eye","Lizard Tail","GremlinMask","Question Card"],"potions_floor_usage":[6,12,14,16],"damage_taken":[{"damage":14,"enemies":"Jaw Worm","floor":1,"turns":4},{"damage":7,"enemies":"Cultist","floor":3,"turns":4},{"damage":2,"enemies":"Small Slimes","floor":4,"turns":3},{"damage":6,"enemies":"Looter","floor":5,"turns":4},{"damage":32,"enemies":"Lagavulin","floor":6,"turns":6},{"damage":34,"enemies":"Gremlin Nob","floor":8,"turns":4},{"damage":22,"enemies":"Lagavulin","floor":12,"turns":6},{"damage":43,"enemies":"Gremlin Nob","floor":14,"turns":5},{"damage":45,"enemies":"Hexaghost","floor":16,"turns":9}],"seed_played":"-7466760791994663829","neow_bonus_log":{"cardsObtained":[],"cardsUpgraded":[],"cardsRemoved":[],"cardsTransformed":[],"relicsObtained":[],"maxHpGained":0,"goldGained":0,"damageTaken":0,"goldLost":0,"maxHpLost":0},"potions_obtained":[{"floor":3,"key":"Strength Potion"},{"floor":6,"key":"LiquidBronze"},{"floor":8,"key":"Energy Potion"},{"floor":14,"key":"LiquidMemories"}],"is_trial":false,"path_per_floor":["M","T","M","M","M","E","R","E","T","R","$","E","?","E","R","B"],"character_chosen":"IRONCLAD","basemod:card_modifiers":[null,null,null,null,null,null,null,null,null,null,null,null,null,null,null,null,null,null,null],"items_purchased":["Frozen Eye"],"campfire_rested":1,"item_purchase_floors":[11],"current_hp_per_floor":[60,60,59,63,63,37,37,9,9,31,46,32,32,44,44,0],"gold":146,"neow_bonus":"RANDOM_COLORLESS","is_prod":false,"is_daily":false,"rewards_skipped":[],"chose_seed":false,"campfire_upgraded":2,"win_rate":0,"floor_exit_playtime":[114,118,173,224,277,375,412,504,508,530,565,695,702,905,914],"timestamp":1704395791,"path_taken":["M","?","M","M","M","E","R","E","T","R","$","E","?","E","R","BOSS"],"build_version":"2022-12-01","purchased_purges":0,"victory":false,"max_hp_per_floor":[75,75,75,75,75,75,75,75,75,75,75,77,77,77,77,77],"relic_stats":{"Frozen Eye":91.25547,"Lizard Tail":38,"Singing Bowl":2,"counters":[9,45],"MealTicket":15,"War Paint":["Defend_R","Shrug It Off"],"Orichalcum":[48],"Question Card":0,"obtain_stats":[{"Frozen Eye":11,"Lizard Tail":12,"Singing Bowl":2,"MealTicket":6,"GremlinMask":13,"War Paint":8,"Orichalcum":9,"Question Card":14,"Burning Blood":0},{"Frozen Eye":6,"Lizard Tail":7,"Singing Bowl":1,"MealTicket":5,"GremlinMask":7,"War Paint":6,"Orichalcum":6,"Question Card":8,"Burning Blood":0},{"Frozen Eye":25,"Lizard Tail":31,"Singing Bowl":4,"MealTicket":21,"GremlinMask":31,"War Paint":25,"Orichalcum":25,"Question Card":36,"Burning Blood":0}],"Burning Blood":48},"card_choices":[{"not_picked":["Panacea","Finesse"],"picked":"Mind Blast","floor":0},{"not_picked":["Perfected Strike","Metallicize"],"picked":"Hemokinesis","floor":1},{"not_picked":["Dual Wield","Havoc"],"picked":"Cleave","floor":3},{"not_picked":["Power Through","True Grit"],"picked":"Shrug It Off","floor":4},{"not_picked":["Flex","Seeing Red"],"picked":"Pummel","floor":5},{"not_picked":["Havoc","Flex"],"picked":"Armaments","floor":6},{"not_picked":["Limit Break","Seeing Red"],"picked":"Anger","floor":8},{"not_picked":["Iron Wave","Cleave","Reckless Charge"],"picked":"Singing Bowl","floor":12},{"not_picked":["Cleave","Clothesline"],"picked":"Second Wind","floor":14}],"player_experience":91160,"relics_obtained":[{"floor":2,"key":"Singing Bowl"},{"floor":6,"key":"MealTicket"},{"floor":8,"key":"War Paint"},{"floor":9,"key":"Orichalcum"},{"floor":12,"key":"Lizard Tail"},{"floor":14,"key":"Question Card"}],"event_choices":[{"damage_healed":0,"gold_gain":0,"player_choice":"Trade","damage_taken":0,"relics_obtained":["GremlinMask"],"max_hp_gain":0,"max_hp_loss":0,"event_name":"FaceTrader","floor":13,"gold_loss":0}],"is_beta":false,"boss_relics":[],"items_purged_floors":[],"is_endless":false,"potions_floor_spawned":[3,6,8,14],"killed_by":"Hexaghost","ascension_level":20,"potion_discard_per_floor":[[],[],[],[],[],[],[],[],[],[],[],[],[],[],[],[]]}