{"neow_bonuses_skipped_log":["REMOVE_CARD","THREE_SMALL_POTIONS","THREE_RARE_CARDS"],"neow_costs_skipped_log":["NONE","NONE","PERCENT_DAMAGE"],"potions_obtained_entropic_brew":[[],[],[],[],[],[],[],[],[],[],[],[],[],[],[],[],[],[],[],[],[],[],[],[],[],[],[],[],[],[],[],[],[]],"gold_per_floor":[111,125,139,156,170,198,198,225,225,254,270,302,6,23,23,99,99,112,162,182,195,195,195,213,238,238,238,238,238,238,265,265,265],"floor_reached":33,"playtime":2708,"items_purged":["Defend_R"],"score":674,"play_id":"75a6504a-3f8a-45f7-b11e-4c64e2cc6373","local_time":"20240121113258","score_breakdown":["Floors Climbed (33): 165","Enemies Slain (11): 22","Exordium Elites Killed (4): 40","City Elites Killed (3): 60","Bosses Slain (1): 50","Ascension (20): 337"],"is_ascension_mode":true,"potions_obtained_alchemize":[[],[],[],[],[],[],[],[],[],[],[],[],[],[],[],[],[],[],[],[],[],[],[],[],[],[],[],[],[],[],[],[],[]],"campfire_choices":[{"floor":7.0,"key":"REST"},{"floor":15.0,"key":"REST"},{"floor":23.0,"key":"REST"},{"floor":28.0,"key":"REST"},{"floor":32.0,"key":"REST"}],"lesson_learned_per_floor":[[],[],[],[],[],[],[],[],[],[],[],[],[],[],[],[],[],[],[],[],[],[],[],[],[],[],[],[],[],[],[],[],[]],"neow_cost":"NONE","improvable_cards":{},"seed_source_timestamp":69812456394041,"shop_contents":[{"floor":13,"relics":["HornCleat","Potion Belt","Sling"],"cards":["Clothesline","Ghostly Armor","Discovery","Magnetism"],"potions":["Block Potion","SneckoOil","BloodPotion"]}],"circlet_count":0,"master_deck":["AscendersBane","Strike_R","Strike_R","Strike_R","Strike_R","Defend_R","Defend_R","Bash","Armaments","Evolve","Shrug It Off","Perfected Strike","Dark Embrace+1","Reaper","Immolate","Pommel Strike","Feel No Pain","Pommel Strike","Battle Trance","Perfected Strike","Seeing Red","Armaments","Perfected Strike","Shockwave"],"special_seed":0,"potion_use_per_floor":[[],[],[],[],[],[],[],[],[],["Dexterity Potion","Explosive Potion"],[],["Strength Potion"],[],[],[],["Weak Potion"],[],[],[],["Ancient Potion"],[],[],[],[],["BlessingOfTheForge"],[],[],[],["SmokeBomb"],[],[],[],[]],"relics":["Fusion Hammer","Regal Pillow","InkBottle","Letter Opener","Happy Flower","Thread and Needle","Empty Cage","Bag of Preparation","Akabeko","Nilry\u0027s Codex","Gremlin Horn"],"potions_floor_usage":[],"damage_taken":[{"damage":0.0,"enemies":"Cultist","floor":1.0,"turns":3.0},{"damage":0.0,"enemies":"Jaw Worm","floor":2.0,"turns":3.0},{"damage":8.0,"enemies":"2 Louse","floor":3.0,"turns":3.0},{"damage":4.0,"enemies":"Red Slaver","floor":4.0,"turns":4.0},{"damage":8.0,"enemies":"Blue Slaver","floor":5.0,"turns":3.0},{"damage":25.0,"enemies":"Gremlin Nob","floor":6.0,"turns":4.0},{"damage":14.0,"enemies":"3 Sentries","floor":8.0,"turns":8.0},{"damage":27.0,"enemies":"Gremlin Nob","floor":10.0,"turns":4.0},{"damage":6.0,"enemies":"Looter","floor":11.0,"turns":4.0},{"damage":17.0,"enemies":"Lagavulin","floor":12.0,"turns":6.0},{"damage":2.0,"enemies":"Large Slime","floor":14.0,"turns":6.0},{"damage":58.0,"enemies":"Slime Boss","floor":16.0,"turns":9.0},{"damage":8.0,"enemies":"Chosen","floor":18.0,"turns":7.0},{"damage":12.0,"enemies":"Shell Parasite","floor":20.0,"turns":5.0},{"damage":20.0,"enemies":"Snake Plant","floor":21.0,"turns":2.0},{"damage":0.0,"enemies":"Chosen and Byrds","floor":24.0,"turns":8.0},{"damage":40.0,"enemies":"Slavers","floor":25.0,"turns":5.0},{"damage":23.0,"enemies":"Book of Stabbing","floor":29.0,"turns":3.0},{"damage":22.0,"enemies":"Slavers","floor":31.0,"turns":4.0},{"damage":67,"enemies":"Automaton","floor":33,"turns":10}],"seed_played":"-6711055726487499630","neow_bonus_log":{"cardsObtained":[],"cardsUpgraded":[],"cardsRemoved":[],"cardsTransformed":[],"relicsObtained":["Fusion Hammer"],"maxHpGained":0,"goldGained":0,"damageTaken":0,"goldLost":0,"maxHpLost":0},"potions_obtained":[{"floor":1.0,"key":"SmokeBomb"},{"floor":3.0,"key":"Explosive Potion"},{"floor":8.0,"key":"Dexterity Potion"},{"floor":10.0,"key":"Strength Potion"},{"floor":12.0,"key":"Weak Potion"},{"floor":18.0,"key":"Ancient Potion"},{"floor":21.0,"key":"BlessingOfTheForge"},{"floor":24.0,"key":"SmokeBomb"}],"is_trial":false,"path_per_floor":["M","M","M","M","M","E","R","E","T","E","M","E","$","M","R","B",null,"M","?","M","M","?","R","M","E","T","?","R","E","?","E","R","B"],"character_chosen":"IRONCLAD","basemod:card_modifiers":[null,null,null,null,null,null,null,null,null,null,null,null,null,null,null,null,null,null,null,null,null,null,null,null],"items_purchased":["Feel No Pain","Pommel Strike","Battle Trance"],"campfire_rested":5,"item_purchase_floors":[13,13,13],"current_hp_per_floor":[68,68,60,56,48,23,60,46,46,19,17,6,6,16,53,5,58,54,54,43,23,23,60,64,41,41,41,75,52,31,9,46,0],"gold":265,"neow_bonus":"BOSS_RELIC","is_prod":false,"is_daily":false,"rewards_skipped":[],"chose_seed":false,"campfire_upgraded":0,"win_rate":0,"floor_exit_playtime":[79,112,163,230,271,331,336,486,492,556,633,751,779,891,895,1190,1297,1424,1428,1540,1619,1729,1745,1960,2106,2112,2139,2143,2258,2281,2426,2430],"timestamp":1705854778,"path_taken":["M","M","M","M","M","E","R","E","T","E","M","E","$","M","R","BOSS","M","?","M","?","?","R","M","E","T","?","R","E","?","E","R","BOSS"],"build_version":"2022-12-01","purchased_purges":1,"victory":false,"max_hp_per_floor":[75,75,75,75,75,75,75,75,75,75,75,75,75,75,75,75,75,75,75,75,75,75,75,75,75,75,75,75,75,75,75,75,75],"relic_stats":{"Regal Pillow":72,"Happy Flower":[23],"Gremlin Horn":[2,2],"counters":[20,101],"Nilry\u0027s Codex":[2,6,1,4],"Bag of Preparation":[6],"Letter Opener":[94],"obtain_stats":[{"Regal Pillow":6,"Happy Flower":10,"Gremlin Horn":31,"Nilry\u0027s Codex":30,"Thread and Needle":12,"Fusion Hammer":0,"Bag of Preparation":25,"Letter Opener":9,"Empty Cage":17,"Burning Blood":0,"InkBottle":8,"Akabeko":26},{"Regal Pillow":6,"Happy Flower":8,"Gremlin Horn":19,"Nilry\u0027s Codex":18,"Thread and Needle":10,"Fusion Hammer":0,"Bag of Preparation":17,"Letter Opener":7,"Empty Cage":12,"Burning Blood":0,"InkBottle":7,"Akabeko":17},{"Regal Pillow":20,"Happy Flower":32,"Gremlin Horn":91,"Nilry\u0027s Codex":87,"Thread and Needle":42,"Fusion Hammer":0,"Bag of Preparation":84,"Letter Opener":28,"Empty Cage":57,"Burning Blood":0,"InkBottle":28,"Akabeko":84}],"InkBottle":[23]},"card_choices":[{"not_picked":["Hemokinesis","Inflame"],"picked":"Armaments","floor":1.0},{"not_picked":["Rupture","Havoc"],"picked":"Evolve","floor":2.0},{"not_picked":["Thunderclap","Second Wind"],"picked":"Shrug It Off","floor":3.0},{"not_picked":["Brutality","Anger"],"picked":"Perfected Strike","floor":4.0},{"not_picked":["Clothesline","Body Slam","Iron Wave"],"picked":"SKIP","floor":5.0},{"not_picked":["True Grit","Clothesline"],"picked":"Dark Embrace","floor":6.0},{"not_picked":["Warcry","Pommel Strike"],"picked":"Reaper","floor":8.0},{"not_picked":["True Grit","Clash"],"picked":"Immolate","floor":10.0},{"not_picked":["Wild Strike","Demon Form"],"picked":"Pommel Strike","floor":11.0},{"not_picked":["Armaments","Infernal Blade","Iron Wave"],"picked":"SKIP","floor":12.0},{"not_picked":["Blood for Blood","Rupture","True Grit"],"picked":"SKIP","floor":14.0},{"not_picked":["Exhume","Barricade","Juggernaut"],"picked":"SKIP","floor":16.0},{"not_picked":["Flex","Warcry"],"picked":"Perfected Strike","floor":18.0},{"not_picked":["Cleave","Bloodletting","Clothesline"],"picked":"SKIP","floor":20.0},{"not_picked":["Clothesline","Dual Wield"],"picked":"Seeing Red","floor":21.0},{"not_picked":["Blood for Blood","True Grit","Double Tap","Sword Boomerang","Twin Strike","Spot Weakness","Flex","Wild Strike","Fiend Fire","Iron Wave","Headbutt","Clothesline","Second Wind","Sentinel","Anger","Battle Trance","Body Slam","Metallicize","Seeing Red"],"picked":"Armaments","floor":22.0},{"not_picked":["Intimidate","Ghostly Armor"],"picked":"Perfected Strike","floor":24.0},{"not_picked":["Havoc","Flex","Body Slam"],"picked":"SKIP","floor":25.0},{"not_picked":["Fire Breathing","Anger"],"picked":"Shockwave","floor":31.0}],"player_experience":161910,"relics_obtained":[{"floor":6.0,"key":"Regal Pillow"},{"floor":8.0,"key":"InkBottle"},{"floor":9.0,"key":"Letter Opener"},{"floor":10.0,"key":"Happy Flower"},{"floor":12.0,"key":"Thread and Needle"},{"floor":25.0,"key":"Bag of Preparation"},{"floor":26.0,"key":"Akabeko"},{"floor":30.0,"key":"Nilry\u0027s Codex"},{"floor":31.0,"key":"Gremlin Horn"}],"event_choices":[{"damage_healed":0.0,"max_hp_gain":0.0,"max_hp_loss":0.0,"gold_gain":50.0,"event_name":"Nest","player_choice":"Stole From Cult","floor":19.0,"gold_loss":0.0,"damage_taken":0.0},{"damage_healed":0.0,"max_hp_gain":0.0,"max_hp_loss":0.0,"gold_gain":0.0,"event_name":"The Library","player_choice":"Read","floor":22.0,"gold_loss":0.0,"damage_taken":0.0,"cards_obtained":["Armaments"]},{"damage_healed":0.0,"max_hp_gain":0.0,"max_hp_loss":0.0,"gold_gain":0.0,"event_name":"Upgrade Shrine","player_choice":"Upgraded","floor":27.0,"gold_loss":0.0,"damage_taken":0.0,"cards_upgraded":["Dark Embrace"]},{"damage_healed":0.0,"max_hp_gain":0.0,"max_hp_loss":0.0,"gold_gain":0.0,"event_name":"Cursed Tome","player_choice":"Obtained Book","floor":30.0,"gold_loss":0.0,"damage_taken":21.0}],"is_beta":false,"boss_relics":[{"not_picked":["Velvet Choker","Runic Cube"],"picked":"Empty Cage"}],"items_purged_floors":[13],"is_endless":false,"potions_floor_spawned":[1,3,8,10,12,18,21,24],"killed_by":"Automaton","ascension_level":20,"potion_discard_per_floor":[[],[],[],[],[],[],[],["SmokeBomb"],[],[],[],[],[],[],[],[],[],[],[],[],[],[],[],[],[],[],[],[],[],[],[],[],[]]}