{"neow_bonuses_skipped_log":["TRANSFORM_CARD","TEN_PERCENT_HP_BONUS","BOSS_RELIC"],"potions_obtained_entropic_brew":[[],[],[],[],[],[],[],[],[],[],[],[],[],[],[],[],[],[],[],[],[],[],[],[],[],[],[],[],[],[],[],[],[],[],[],[],[],[],[],[],[],[],[],[],[],[],[],[],[],[],[],[],[],[],[],[]],"neow_costs_skipped_log":["NONE","NONE","NONE"],"gold_per_floor":[16,30,42,53,67,67,96,17,17,43,43,43,8,22,22,96,96,107,107,124,150,164,164,218,218,218,0,18,44,44,63,63,135,135,151,166,181,181,199,199,213,245,245,275,275,295,310,336,336,336,336,336,336,10,35,35],"floor_reached":56,"playtime":5953,"items_purged":["Strike_R"],"score":2057,"play_id":"c3723557-cb35-4128-8e5a-fbf28c946188","local_time":"20240122095844","score_breakdown":["Floors Climbed (56): 280","Enemies Slain (18): 36","Exordium Elites Killed (2): 20","City Elites Killed (2): 40","Beyond Elites Killed (3): 90","Bosses Slain (4): 500","Well Fed: 25","Champion (2): 50","Ascension (20): 1016"],"is_ascension_mode":true,"potions_obtained_alchemize":[[],[],[],[],[],[],[],[],[],[],[],[],[],[],[],[],[],[],[],[],[],[],[],[],[],[],[],[],[],[],[],[],[],[],[],[],[],[],[],[],[],[],[],[],[],[],[],[],[],[],[],[],[],[],[],[]],"campfire_choices":[{"data":"Carnage","floor":6.0,"key":"SMITH"},{"data":"True Grit","floor":11.0,"key":"SMITH"},{"data":"Whirlwind","floor":15.0,"key":"SMITH"},{"data":"Inflame","floor":23.0,"key":"SMITH"},{"floor":25.0,"key":"REST"},{"data":"Shockwave","floor":32.0,"key":"SMITH"},{"data":"Feed","floor":40.0,"key":"SMITH"},{"floor":49.0,"key":"RECALL"},{"floor":53.0,"key":"REST"}],"lesson_learned_per_floor":[[],[],[],[],[],[],[],[],[],[],[],[],[],[],[],[],[],[],[],[],[],[],[],[],[],[],[],[],[],[],[],[],[],[],[],[],[],[],[],[],[],[],[],[],[],[],[],[],[],[],[],[],[],[],[],[]],"neow_cost":"NO_GOLD","improvable_cards":{},"seed_source_timestamp":0,"shop_contents":[{"floor":8,"relics":["Art of War","Lantern","PrismaticShard"],"cards":["Sword Boomerang","Twin Strike","Shrug It Off","Havoc","Deep Breath","Metamorphosis"],"potions":["SkillPotion","DuplicationPotion","Block Potion"]},{"floor":27,"relics":["Toxic Egg 2","Gremlin Horn"],"cards":["Whirlwind","Wild Strike","Intimidate","True Grit","Evolve","Trip","Transmutation"],"potions":["EntropicBrew","LiquidMemories"]},{"floor":54,"relics":["Champion Belt","Sling"],"cards":["Cleave","Body Slam","Offering","Rupture","Jack Of All Trades","Secret Weapon"],"potions":["DuplicationPotion","Swift Potion","AttackPotion"]}],"circlet_count":0,"master_deck":["AscendersBane","Strike_R","Strike_R","Strike_R","Strike_R","Defend_R","Defend_R","Defend_R","Defend_R","Bash+1","Magnetism","Carnage+1","Rage+1","Inflame+1","Pommel Strike","Flame Barrier","Dark Embrace","True Grit+1","Whirlwind+1","Impervious","Disarm","Disarm+1","Impervious","Inflame+1","Shockwave+1","Fiend Fire","Sentinel","Shrug It Off+1","Feed+1","Shockwave","Disarm","Burning Pact"],"special_seed":0,"potion_use_per_floor":[[],[],[],[],[],[],[],[],[],["EssenceOfSteel"],[],[],[],[],[],[],[],["AttackPotion"],[],[],[],["ColorlessPotion"],[],["FairyPotion"],[],[],[],[],[],[],[],[],[],[],[],[],[],[],[],[],[],[],[],[],[],[],[],[],[],[],["BloodPotion"],[],[],[],[],["DuplicationPotion"]],"relics":["Burning Blood","Pocketwatch","Ice Cream","Anchor","Snecko Eye","Red Mask","Ornamental Fan","Letter Opener","Chemical X","Mango","Sozu","Bag of Marbles","Sundial","Mercury Hourglass","Nunchaku","HornCleat"],"potions_floor_usage":[56],"damage_taken":[{"damage":4.0,"enemies":"Small Slimes","floor":1.0,"turns":3.0},{"damage":2.0,"enemies":"Jaw Worm","floor":2.0,"turns":3.0},{"damage":7.0,"enemies":"Cultist","floor":3.0,"turns":4.0},{"damage":5.0,"enemies":"2 Fungi Beasts","floor":4.0,"turns":4.0},{"damage":12.0,"enemies":"Looter","floor":5.0,"turns":4.0},{"damage":32.0,"enemies":"Gremlin Nob","floor":7.0,"turns":4.0},{"damage":14.0,"enemies":"3 Sentries","floor":10.0,"turns":10.0},{"damage":2.0,"enemies":"Lots of Slimes","floor":14.0,"turns":4.0},{"damage":43.0,"enemies":"The Guardian","floor":16.0,"turns":17.0},{"damage":11.0,"enemies":"Shell Parasite","floor":18.0,"turns":5.0},{"damage":0.0,"enemies":"2 Thieves","floor":20.0,"turns":2.0},{"damage":49.0,"enemies":"Masked Bandits","floor":21.0,"turns":4.0},{"damage":0.0,"enemies":"Snake Plant","floor":22.0,"turns":4.0},{"damage":34.0,"enemies":"Slavers","floor":24.0,"turns":9.0},{"damage":7.0,"enemies":"Chosen and Byrds","floor":28.0,"turns":5.0},{"damage":0.0,"enemies":"Gremlin Leader","floor":29.0,"turns":4.0},{"damage":0.0,"enemies":"Centurion and Healer","floor":31.0,"turns":3.0},{"damage":18.0,"enemies":"Collector","floor":33.0,"turns":7.0},{"damage":0.0,"enemies":"3 Darklings","floor":35.0,"turns":4.0},{"damage":5.0,"enemies":"Orb Walker","floor":36.0,"turns":3.0},{"damage":0.0,"enemies":"3 Darklings","floor":37.0,"turns":2.0},{"damage":15.0,"enemies":"Spire Growth","floor":39.0,"turns":3.0},{"damage":0.0,"enemies":"4 Shapes","floor":41.0,"turns":4.0},{"damage":0.0,"enemies":"Giant Head","floor":42.0,"turns":6.0},{"damage":6.0,"enemies":"Nemesis","floor":44.0,"turns":9.0},{"damage":0.0,"enemies":"Jaw Worm Horde","floor":46.0,"turns":6.0},{"damage":0.0,"enemies":"Maw","floor":47.0,"turns":5.0},{"damage":47.0,"enemies":"Giant Head","floor":48.0,"turns":8.0},{"damage":41.0,"enemies":"Time Eater","floor":50.0,"turns":11.0},{"damage":36.0,"enemies":"Awakened One","floor":51.0,"turns":15.0},{"damage":9.0,"enemies":"Shield and Spear","floor":55.0,"turns":5.0},{"damage":100,"enemies":"The Heart","floor":56,"turns":9}],"green_key_taken_log":44,"seed_played":"4128911071578649972","neow_bonus_log":{"cardsObtained":[],"cardsUpgraded":[],"cardsRemoved":[],"cardsTransformed":[],"relicsObtained":[],"maxHpGained":0,"goldGained":0,"damageTaken":0,"goldLost":99,"maxHpLost":0},"potions_obtained":[{"floor":2.0,"key":"EssenceOfSteel"},{"floor":7.0,"key":"Strength Potion"},{"floor":10.0,"key":"SmokeBomb"},{"floor":14.0,"key":"AttackPotion"},{"floor":16.0,"key":"FairyPotion"},{"floor":18.0,"key":"CultistPotion"},{"floor":21.0,"key":"ColorlessPotion"},{"floor":28.0,"key":"DuplicationPotion"}],"is_trial":false,"path_per_floor":["M","M","M","M","M","R","E","$","T","E","R","?","?","M","R","B",null,"M","?","M","?","M","R","E","R","T","$","M","E","?","M","R","B",null,"M","M","M","?","M","R","M","E","T","E","?","M","M","E","R","B","B",null,"R","$","E","B"],"character_chosen":"IRONCLAD","basemod:card_modifiers":[null,null,null,null,null,null,null,null,null,null,null,null,null,null,null,null,null,null,null,null,null,null,null,null,null,null,null,null,null,null,null,null],"items_purchased":["Dark Embrace","Chemical X","BloodPotion","Burning Pact","Nunchaku"],"campfire_rested":2,"item_purchase_floors":[8,27,27,54,54],"current_hp_per_floor":[70,74,73,74,68,68,42,42,42,34,34,34,52,56,56,19,61,56,56,62,19,25,25,22,44,44,44,43,63,63,69,69,57,81,87,88,89,85,76,76,86,89,89,93,93,97,97,60,60,25,15,80,101,101,98,0],"gold":35,"neow_bonus":"RANDOM_COLORLESS_2","is_prod":false,"is_daily":false,"rewards_skipped":[{"floor":33,"relics":[],"potions":["SmokeBomb"]},{"floor":35,"relics":[],"potions":["LiquidBronze"]},{"floor":36,"relics":[],"potions":["CultistPotion"]},{"floor":37,"relics":[],"potions":["Dexterity Potion"]},{"floor":39,"relics":[],"potions":["Swift Potion"]},{"floor":44,"relics":[],"potions":["CultistPotion"]},{"floor":48,"relics":[],"potions":["Explosive Potion"]},{"floor":55,"relics":[],"potions":["AttackPotion"]}],"chose_seed":false,"campfire_upgraded":6,"win_rate":0,"floor_exit_playtime":[152,255,333,397,458,474,541,564,568,794,807,812,819,932,940,1372,1478,1635,1638,1693,1862,1956,1981,2205,2210,2216,2236,2379,2496,2519,2586,2595,2880,2969,3075,3147,3205,3222,3328,3346,3482,3668,3673,3890,3932,4074,4176,4420,4425,4711,5147,5160,5174,5244,5406],"timestamp":1705935524,"blue_key_relic_skipped_log":{"floor":43,"relicID":"Pear"},"path_taken":["M","M","M","M","?","R","E","$","T","E","R","?","?","M","R","BOSS","M","?","M","?","?","R","E","R","T","$","M","E","?","M","R","BOSS","M","M","M","?","?","R","M","E","T","E","?","M","M","E","R","BOSS","BOSS","R","$","E","BOSS"],"build_version":"2022-12-01","purchased_purges":1,"victory":false,"max_hp_per_floor":[75,75,75,75,75,75,75,75,75,75,75,75,75,75,75,75,75,75,75,75,75,75,75,75,75,75,75,75,89,89,89,89,89,89,89,89,89,85,85,85,89,89,89,93,93,97,97,101,101,101,101,101,101,101,101,101],"relic_stats":{"Ice Cream":[96],"counters":[32,186],"Letter Opener":[168],"Burning Blood":166,"Mercury Hourglass":[120],"Sozu":2,"Nunchaku":[1],"Ornamental Fan":[60],"Sundial":[18],"Snecko Eye":[299,298,283,301,-310],"Chemical X":[36],"obtain_stats":[{"Ice Cream":9,"Mango":29,"Letter Opener":26,"Burning Blood":0,"Mercury Hourglass":48,"Sozu":34,"Anchor":10,"Nunchaku":54,"HornCleat":55,"Ornamental Fan":24,"Sundial":44,"Snecko Eye":17,"Red Mask":21,"Bag of Marbles":42,"Chemical X":27,"Pocketwatch":7},{"Ice Cream":6,"Mango":16,"Letter Opener":14,"Burning Blood":0,"Mercury Hourglass":28,"Sozu":18,"Anchor":7,"Nunchaku":30,"HornCleat":31,"Ornamental Fan":14,"Sundial":25,"Snecko Eye":9,"Red Mask":12,"Bag of Marbles":24,"Chemical X":14,"Pocketwatch":6},{"Ice Cream":22,"Mango":86,"Letter Opener":77,"Burning Blood":0,"Mercury Hourglass":146,"Sozu":96,"Anchor":32,"Nunchaku":172,"HornCleat":177,"Ornamental Fan":77,"Sundial":127,"Snecko Eye":53,"Red Mask":64,"Bag of Marbles":118,"Chemical X":77,"Pocketwatch":22}],"Pocketwatch":[214]},"card_choices":[{"not_picked":["Panache","Mayhem"],"picked":"Magnetism","floor":0.0},{"not_picked":["Perfected Strike","Thunderclap"],"picked":"Carnage","floor":1.0},{"not_picked":["Power Through","Iron Wave","Wild Strike"],"picked":"SKIP","floor":2.0},{"not_picked":["Armaments","Reckless Charge"],"picked":"Rage","floor":3.0},{"not_picked":["Body Slam","Headbutt"],"picked":"Inflame","floor":4.0},{"not_picked":["True Grit","Body Slam"],"picked":"Pommel Strike","floor":5.0},{"not_picked":["Heavy Blade","Intimidate"],"picked":"Flame Barrier","floor":7.0},{"not_picked":["Twin Strike","Thunderclap"],"picked":"True Grit","floor":10.0},{"not_picked":["Blood for Blood","Rupture"],"picked":"Whirlwind","floor":14.0},{"not_picked":["Fiend Fire","Corruption"],"picked":"Impervious","floor":16.0},{"not_picked":["Headbutt+1","True Grit"],"picked":"Disarm","floor":18.0},{"not_picked":["True Grit+1","Whirlwind","Heavy Blade"],"picked":"SKIP","floor":20.0},{"not_picked":["True Grit+1","Whirlwind","Heavy Blade"],"picked":"SKIP","floor":20.0},{"not_picked":["Spot Weakness","Flame Barrier"],"picked":"Disarm+1","floor":21.0},{"not_picked":["Armaments","Dual Wield","Thunderclap"],"picked":"SKIP","floor":22.0},{"not_picked":["Hemokinesis","Wild Strike","Anger"],"picked":"SKIP","floor":24.0},{"not_picked":["Body Slam","Blood for Blood"],"picked":"Impervious","floor":28.0},{"not_picked":["Combust","Warcry"],"picked":"Inflame+1","floor":29.0},{"not_picked":["Disarm","Clothesline"],"picked":"Shockwave","floor":31.0},{"not_picked":["Feed","Corruption"],"picked":"Fiend Fire","floor":33.0},{"not_picked":["Thunderclap+1","Perfected Strike+1","Pummel"],"picked":"SKIP","floor":35.0},{"not_picked":["Sentinel","Dropkick+1","Havoc+1"],"picked":"SKIP","floor":36.0},{"not_picked":["Dropkick+1","Havoc+1"],"picked":"Sentinel","floor":36.0},{"not_picked":["Thunderclap","Sever Soul"],"picked":"Shrug It Off+1","floor":37.0},{"not_picked":["Headbutt+1","Flex+1"],"picked":"Feed","floor":39.0},{"not_picked":["Iron Wave","Sword Boomerang","Twin Strike"],"picked":"SKIP","floor":41.0},{"not_picked":["Evolve+1","Thunderclap","Flame Barrier"],"picked":"SKIP","floor":42.0},{"not_picked":["Clash+1","Seeing Red"],"picked":"Shockwave","floor":44.0},{"not_picked":["Clash","Flex","Clothesline"],"picked":"SKIP","floor":46.0},{"not_picked":["Intimidate","Anger","Clash"],"picked":"SKIP","floor":47.0},{"not_picked":["True Grit","Reckless Charge"],"picked":"Disarm","floor":48.0},{"not_picked":["Thunderclap","Whirlwind","Flex"],"picked":"SKIP","floor":55.0}],"player_experience":164618,"relics_obtained":[{"floor":7.0,"key":"Pocketwatch"},{"floor":9.0,"key":"Ice Cream"},{"floor":10.0,"key":"Anchor"},{"floor":21.0,"key":"Red Mask"},{"floor":24.0,"key":"Ornamental Fan"},{"floor":26.0,"key":"Letter Opener"},{"floor":29.0,"key":"Mango"},{"floor":42.0,"key":"Bag of Marbles"},{"floor":44.0,"key":"Sundial"},{"floor":48.0,"key":"Mercury Hourglass"},{"floor":55.0,"key":"HornCleat"}],"event_choices":[{"damage_healed":0.0,"max_hp_gain":0.0,"max_hp_loss":0.0,"gold_gain":0.0,"event_name":"Scrap Ooze","player_choice":"Fled","floor":12.0,"gold_loss":0.0,"damage_taken":0.0},{"damage_healed":18.0,"max_hp_gain":0.0,"max_hp_loss":0.0,"gold_gain":0.0,"event_name":"The Cleric","player_choice":"Healed","floor":13.0,"gold_loss":35.0,"damage_taken":0.0},{"damage_healed":0.0,"max_hp_gain":0.0,"max_hp_loss":0.0,"gold_gain":0.0,"event_name":"The Mausoleum","player_choice":"Ignored","floor":19.0,"gold_loss":0.0,"damage_taken":0.0},{"damage_healed":0.0,"max_hp_gain":0.0,"max_hp_loss":0.0,"gold_gain":0.0,"event_name":"Masked Bandits","player_choice":"Fought Bandits","floor":21.0,"gold_loss":0.0,"damage_taken":0.0},{"damage_healed":0.0,"max_hp_gain":0.0,"max_hp_loss":0.0,"gold_gain":0.0,"event_name":"Upgrade Shrine","player_choice":"Upgraded","floor":30.0,"gold_loss":0.0,"damage_taken":0.0,"cards_upgraded":["Bash"]},{"damage_healed":0.0,"max_hp_gain":0.0,"max_hp_loss":4.0,"gold_gain":0.0,"event_name":"Winding Halls","player_choice":"Max HP","floor":38.0,"gold_loss":0.0,"damage_taken":0.0},{"damage_healed":0.0,"max_hp_gain":0.0,"max_hp_loss":0.0,"gold_gain":0.0,"event_name":"Accursed Blacksmith","player_choice":"Forge","floor":45.0,"gold_loss":0.0,"damage_taken":0.0,"cards_upgraded":["Rage"]}],"is_beta":false,"boss_relics":[{"not_picked":["Black Star","Mark of Pain"],"picked":"Snecko Eye"},{"not_picked":["Astrolabe","Empty Cage"],"picked":"Sozu"}],"items_purged_floors":[54],"is_endless":false,"potions_floor_spawned":[2,7,10,14,16,18,21,28,33,35,36,37,39,44,48,55],"killed_by":"The Heart","ascension_level":20,"potion_discard_per_floor":[[],[],[],[],[],[],[],[],[],[],[],[],[],["SmokeBomb"],[],["Strength Potion"],[],[],[],[],["CultistPotion"],[],[],[],[],[],[],[],[],[],[],[],[],[],[],[],[],[],[],[],[],[],[],[],[],[],[],[],[],[],[],[],[],[],[],[]]}