{"neow_bonuses_skipped_log":["ONE_RANDOM_RARE_CARD","TEN_PERCENT_HP_BONUS","BOSS_RELIC"],"neow_costs_skipped_log":["NONE","NONE","NONE"],"potions_obtained_entropic_brew":[[],[],[],[],[],[],[],[],[],[],[],[],[],[],[],[],[],[],[],[],[],[],[],[],[],[],[],[],[],[],[],[],[],[],[],[],[],[],[],[],[],[]],"gold_per_floor":[117,132,148,158,25,25,42,67,67,92,29,29,29,46,46,123,123,135,50,50,69,80,106,106,118,118,143,143,143,143,143,143,219,219,237,262,273,273,293,293,306,306],"floor_reached":42,"playtime":3841,"items_purged":[],"score":971,"play_id":"3a4c225c-2370-4c49-ad86-83058294d49b","local_time":"20240113151703","score_breakdown":["Floors Climbed (42): 210","Enemies Slain (14): 28","Exordium Elites Killed (2): 20","City Elites Killed (2): 40","Beyond Elites Killed (0): 0","Bosses Slain (2): 150","Well Fed: 25","Overkill: 25","Ascension (20): 473"],"is_ascension_mode":true,"potions_obtained_alchemize":[[],[],[],[],[],[],[],[],[],[],[],[],[],[],[],[],[],[],[],[],[],[],[],[],[],[],[],[],[],[],[],[],[],[],[],[],[],[],[],[],[],[]],"campfire_choices":[{"data":"Bludgeon","floor":6.0,"key":"SMITH"},{"floor":12.0,"key":"REST"},{"data":"True Grit","floor":15,"key":"SMITH"},{"data":"Shockwave","floor":24,"key":"SMITH"},{"data":"Feed","floor":28,"key":"SMITH"},{"data":"Burning Pact","floor":32,"key":"SMITH"},{"data":"Pommel Strike","floor":40,"key":"SMITH"}],"lesson_learned_per_floor":[[],[],[],[],[],[],[],[],[],[],[],[],[],[],[],[],[],[],[],[],[],[],[],[],[],[],[],[],[],[],[],[],[],[],[],[],[],[],[],[],[],[]],"neow_cost":"TEN_PERCENT_HP_LOSS","improvable_cards":{},"seed_source_timestamp":10832276058333,"shop_contents":[{"floor":5,"relics":["Calipers","Whetstone","Membership Card"],"cards":["Perfected Strike","Hemokinesis","Havoc","Warcry","Swift Strike","HandOfGreed"],"potions":["Block Potion","BloodPotion"]}],"circlet_count":0,"master_deck":["AscendersBane","Strike_R","Defend_R","Defend_R","Bash","Bludgeon+1","Shrug It Off","Cleave","Combust","Disarm","True Grit+1","Shockwave+1","Feed+1","Disarm","Headbutt","Dropkick","Burning Pact+1","Clash","Impervious","Carnage+1","Sword Boomerang+1","Thunderclap+1","Disarm","Burning Pact","Rage","Madness","Madness","Pommel Strike+1","Exhume"],"special_seed":0,"potion_use_per_floor":[[],[],[],[],[],[],["Dexterity Potion"],[],[],["ColorlessPotion"],[],[],[],[],[],["CultistPotion"],[],[],[],[],[],[],[],[],["BloodPotion"],[],["FearPotion"],[],[],[],[],[],["BlessingOfTheForge"],[],["AttackPotion"],["Fruit Juice"],["SkillPotion"],[],["Energy Potion"],[],["FearPotion"],["Swift Potion","SteroidPotion"]],"relics":["Burning Blood","Sundial","Ice Cream","Akabeko","CaptainsWheel","Cursed Key","Matryoshka","White Beast Statue","Incense Burner","Mercury Hourglass","Nloth\u0027s Gift","Astrolabe","Magic Flower"],"potions_floor_usage":[16,25,27,33,35,36,37,39,41,42,42],"damage_taken":[{"damage":0.0,"enemies":"Small Slimes","floor":1.0,"turns":3.0},{"damage":7.0,"enemies":"Jaw Worm","floor":2.0,"turns":2.0},{"damage":6.0,"enemies":"2 Louse","floor":3.0,"turns":3.0},{"damage":4.0,"enemies":"Exordium Thugs","floor":4.0,"turns":4.0},{"damage":12.0,"enemies":"Blue Slaver","floor":7.0,"turns":3.0},{"damage":33.0,"enemies":"Lagavulin","floor":8.0,"turns":4.0},{"damage":28.0,"enemies":"Gremlin Nob","floor":10.0,"turns":4.0},{"damage":5,"enemies":"Exordium Wildlife","floor":14,"turns":6},{"damage":16,"enemies":"The Guardian","floor":16,"turns":11},{"damage":0,"enemies":"Chosen","floor":18,"turns":4},{"damage":9,"enemies":"Shell Parasite","floor":21,"turns":6},{"damage":15,"enemies":"Snake Plant","floor":22,"turns":8},{"damage":16,"enemies":"Book of Stabbing","floor":23,"turns":5},{"damage":16,"enemies":"Sentry and Sphere","floor":25,"turns":7},{"damage":25,"enemies":"Gremlin Leader","floor":27,"turns":7},{"damage":12,"enemies":"Champ","floor":33,"turns":13},{"damage":21,"enemies":"Orb Walker","floor":35,"turns":4},{"damage":18,"enemies":"Mind Bloom Boss Battle","floor":36,"turns":6},{"damage":0,"enemies":"3 Shapes","floor":37,"turns":3},{"damage":7,"enemies":"Maw","floor":39,"turns":8},{"damage":15,"enemies":"3 Darklings","floor":41,"turns":4},{"damage":69,"enemies":"Giant Head","floor":42,"turns":9}],"green_key_taken_log":8,"seed_played":"-5169924541110368850","neow_bonus_log":{"cardsObtained":[],"cardsUpgraded":[],"cardsRemoved":[],"cardsTransformed":[],"relicsObtained":[],"maxHpGained":0,"goldGained":0,"damageTaken":0,"goldLost":0,"maxHpLost":7},"potions_obtained":[{"floor":2.0,"key":"Dexterity Potion"},{"floor":8.0,"key":"ColorlessPotion"},{"floor":10.0,"key":"CultistPotion"},{"floor":21,"key":"BloodPotion"},{"floor":25,"key":"FearPotion"},{"floor":27,"key":"BlessingOfTheForge"},{"floor":33,"key":"AttackPotion"},{"floor":35,"key":"Fruit Juice"},{"floor":36,"key":"SkillPotion"},{"floor":37,"key":"Energy Potion"},{"floor":39,"key":"FearPotion"},{"floor":41,"key":"Swift Potion"}],"is_trial":false,"path_per_floor":["M","M","M","M","$","R","M","E","T","E","?","R","?","M","R","B",null,"M","?","?","M","M","E","R","M","T","E","R","?","?","?","R","B",null,"M","?","M","?","M","R","M","E"],"character_chosen":"IRONCLAD","basemod:card_modifiers":[null,null,null,null,null,null,null,null,null,null,null,null,null,null,null,null,null,null,null,null,null,null,null,null,null,null,null,null,null],"items_purchased":["SteroidPotion","Combust"],"campfire_rested":1,"item_purchase_floors":[5,5],"current_hp_per_floor":[68,67,67,68,68,68,62,35,35,13,13,33,33,34,34,24,57,66,66,66,66,60,50,50,59,59,43,43,43,43,43,43,41,76,65,62,71,53,61,61,61,0],"gold":306,"neow_bonus":"THREE_RARE_CARDS","is_prod":false,"is_daily":false,"rewards_skipped":[],"chose_seed":false,"campfire_upgraded":6,"win_rate":0,"floor_exit_playtime":[83,108,168,227,276,317,368,418,421,565,613,643,656,718,728,879,945,1000,1038,1059,1228,1409,1497,1520,1668,1688,1887,1903,1915,1924,1985,2032,2586,2772,2882,3021,3087,3105,3302,3329,3464],"timestamp":1705177023,"blue_key_relic_skipped_log":{"floor":26,"relicID":"Bottled Flame"},"path_taken":["M","M","M","M","$","R","M","E","T","E","?","R","?","M","R","BOSS","M","?","?","?","M","E","R","M","T","E","R","?","?","?","R","BOSS","M","?","M","?","M","R","?","E"],"build_version":"2022-12-01","purchased_purges":0,"victory":false,"max_hp_per_floor":[68,68,68,68,68,68,68,68,68,68,68,68,68,68,68,68,68,71,71,71,74,77,77,77,80,80,83,83,83,83,83,83,87,87,91,100,100,100,104,104,108,108],"relic_stats":{"Ice Cream":[96],"Matryoshka":1,"counters":[22,123],"Sundial":[22],"Astrolabe":["Carnage","Sword Boomerang","Thunderclap"],"Magic Flower":[13],"Nloth\u0027s Gift":2,"Cursed Key":1,"obtain_stats":[{"Ice Cream":9,"Astrolabe":34,"Magic Flower":36,"Omamori":19,"Incense Burner":27,"Cursed Key":17,"Burning Blood":0,"Akabeko":10,"White Beast Statue":26,"Mercury Hourglass":29,"CaptainsWheel":11,"Matryoshka":23,"Sundial":8,"Nloth\u0027s Gift":30},{"Ice Cream":6,"Astrolabe":16,"Magic Flower":18,"Omamori":10,"Incense Burner":15,"Cursed Key":9,"Burning Blood":0,"Akabeko":7,"White Beast Statue":14,"Mercury Hourglass":15,"CaptainsWheel":7,"Matryoshka":13,"Sundial":6,"Nloth\u0027s Gift":15},{"Ice Cream":19,"Astrolabe":90,"Magic Flower":100,"Omamori":44,"Incense Burner":77,"Cursed Key":40,"Burning Blood":0,"Akabeko":23,"White Beast Statue":70,"Mercury Hourglass":77,"CaptainsWheel":23,"Matryoshka":63,"Sundial":19,"Nloth\u0027s Gift":77}],"Burning Blood":128,"White Beast Statue":[0.0,0.026400000000000007,0.0,0.2934400000000001,0.0,0.5049600000000003,0.0,0.16800000000000007,0.0,0.007200000000000002,0.0,3.1638400000000004],"Mercury Hourglass":[123]},"card_choices":[{"not_picked":["Barricade","Demon Form"],"picked":"Bludgeon","floor":0.0},{"not_picked":["Burning Pact","Perfected Strike"],"picked":"Shrug It Off","floor":1.0},{"not_picked":["Reckless Charge","Bloodletting"],"picked":"Cleave","floor":2.0},{"not_picked":["Ghostly Armor","Anger","Flex"],"picked":"SKIP","floor":3.0},{"not_picked":["Heavy Blade","Power Through","Iron Wave"],"picked":"SKIP","floor":4.0},{"not_picked":["Heavy Blade","Sentinel","Iron Wave"],"picked":"SKIP","floor":7.0},{"not_picked":["Combust","Reaper"],"picked":"Disarm","floor":8.0},{"not_picked":["Iron Wave","Twin Strike"],"picked":"True Grit","floor":10.0},{"not_picked":["Shrug It Off","Sentinel"],"picked":"Shockwave","floor":14},{"not_picked":["Exhume","Double Tap"],"picked":"Feed","floor":16},{"not_picked":["Shockwave","Carnage","Havoc+1"],"picked":"SKIP","floor":18},{"not_picked":["Havoc","Pommel Strike","Heavy Blade"],"picked":"SKIP","floor":21},{"not_picked":["Clash","Anger"],"picked":"Headbutt","floor":22},{"not_picked":["Entrench","True Grit","Anger"],"picked":"SKIP","floor":23},{"not_picked":["Reckless Charge","Ghostly Armor","Flex"],"picked":"SKIP","floor":25},{"not_picked":["Berserk","Rage"],"picked":"Dropkick","floor":27},{"not_picked":["Reaper","Corruption"],"picked":"Impervious","floor":33},{"not_picked":["Twin Strike","Impervious"],"picked":"Disarm","floor":35},{"not_picked":["Perfected Strike","Whirlwind"],"picked":"Burning Pact","floor":36},{"not_picked":["Disarm","Pommel Strike"],"picked":"Rage","floor":37},{"not_picked":["Anger","Armaments+1"],"picked":"Pommel Strike","floor":39},{"not_picked":["Evolve","Fire Breathing"],"picked":"Exhume","floor":41}],"player_experience":123279,"relics_obtained":[{"floor":8.0,"key":"Sundial"},{"floor":9.0,"key":"Ice Cream"},{"floor":10.0,"key":"Akabeko"},{"floor":23,"key":"Matryoshka"},{"floor":26,"key":"White Beast Statue"},{"floor":27,"key":"Incense Burner"},{"floor":36,"key":"Magic Flower"}],"event_choices":[{"damage_healed":0.0,"max_hp_gain":0.0,"max_hp_loss":0.0,"gold_gain":0.0,"event_name":"WeMeetAgain","player_choice":"Paid Gold","floor":11.0,"gold_loss":63.0,"damage_taken":0.0,"relics_obtained":["CaptainsWheel"]},{"cards_removed":["Strike_R"],"damage_healed":0.0,"max_hp_gain":0.0,"max_hp_loss":0.0,"gold_gain":0.0,"event_name":"Bonfire Elementals","player_choice":"Offered Basic","floor":13.0,"gold_loss":0.0,"damage_taken":0.0},{"damage_healed":0,"gold_gain":0,"player_choice":"Obtained Relic","damage_taken":0,"relics_obtained":["Omamori"],"max_hp_gain":0,"max_hp_loss":0,"event_name":"Addict","floor":19,"gold_loss":85},{"damage_healed":0,"gold_gain":0,"player_choice":"Copied","damage_taken":0,"max_hp_gain":0,"max_hp_loss":0,"event_name":"Duplicator","floor":20,"gold_loss":0,"cards_obtained":["Disarm"]},{"damage_healed":0,"gold_gain":0,"player_choice":"Opened","damage_taken":0,"relics_obtained":["Mercury Hourglass"],"max_hp_gain":0,"max_hp_loss":0,"event_name":"The Mausoleum","floor":29,"gold_loss":0,"cards_obtained":["Writhe"]},{"damage_healed":0,"gold_gain":0,"player_choice":"Traded Relic","damage_taken":0,"relics_obtained":["Nloth\u0027s Gift"],"max_hp_gain":0,"max_hp_loss":0,"event_name":"N\u0027loth","floor":30,"relics_lost":["Omamori"],"gold_loss":0},{"damage_healed":0,"gold_gain":0,"cards_transformed":["Strike_R","Defend_R"],"player_choice":"Became Test Subject","damage_taken":0,"max_hp_gain":0,"max_hp_loss":0,"event_name":"Drug Dealer","floor":31,"gold_loss":0,"cards_obtained":["Burning Pact","Clash"]},{"damage_healed":0,"gold_gain":0,"player_choice":"Fight","damage_taken":0,"max_hp_gain":0,"max_hp_loss":0,"event_name":"MindBloom","floor":36,"gold_loss":0},{"damage_healed":0,"gold_gain":0,"player_choice":"Embrace Madness","damage_taken":18,"max_hp_gain":0,"max_hp_loss":0,"event_name":"Winding Halls","floor":38,"gold_loss":0,"cards_obtained":["Madness","Madness"]}],"is_beta":false,"boss_relics":[{"not_picked":["Calling Bell","Pandora\u0027s Box"],"picked":"Cursed Key"},{"not_picked":["Black Star","Fusion Hammer"],"picked":"Astrolabe"}],"items_purged_floors":[],"is_endless":false,"potions_floor_spawned":[2,8,10,21,25,27,33,35,36,37,39,41],"killed_by":"Giant Head","ascension_level":20,"potion_discard_per_floor":[[],[],[],[],[],[],[],[],[],[],[],[],[],[],[],[],[],[],[],[],[],[],[],[],[],[],[],[],[],[],[],[],[],[],[],[],[],[],[],[],[],[]]}