{"neow_bonuses_skipped_log":["THREE_ENEMY_KILL","TWENTY_PERCENT_HP_BONUS","BOSS_RELIC"],"neow_costs_skipped_log":["NONE","PERCENT_DAMAGE","NONE"],"potions_obtained_entropic_brew":[[],[],[],[],[],[],[],[],[],[],[],[],[],[],[],[],[],[],[],[],[],[],[],[],[],[],[],[],[],[],[]],"gold_per_floor":[118,132,144,31,31,65,65,80,105,122,154,154,165,60,60,137,137,154,167,34,34,47,47,62,62,62,78,78,94,108,108],"floor_reached":31,"playtime":2370,"items_purged":["Strike_R"],"score":502,"play_id":"131469ee-677c-46b4-a3a9-a8a4d3c9f9d9","local_time":"20240117234523","score_breakdown":["Floors Climbed (31): 155","Enemies Slain (13): 26","Exordium Elites Killed (2): 20","City Elites Killed (0): 0","Bosses Slain (1): 50","Ascension (20): 251"],"is_ascension_mode":true,"potions_obtained_alchemize":[[],[],[],[],[],[],[],[],[],[],[],[],[],[],[],[],[],[],[],[],[],[],[],[],[],[],[],[],[],[],[]],"campfire_choices":[{"data":"Dramatic Entrance","floor":7,"key":"SMITH"},{"data":"Fiend Fire","floor":12,"key":"SMITH"},{"data":"Inflame","floor":15,"key":"SMITH"},{"floor":23,"key":"REST"},{"data":"Dark Embrace","floor":25,"key":"SMITH"},{"data":"Brutality","floor":28,"key":"SMITH"}],"lesson_learned_per_floor":[[],[],[],[],[],[],[],[],[],[],[],[],[],[],[],[],[],[],[],[],[],[],[],[],[],[],[],[],[],[],[]],"neow_cost":"NONE","improvable_cards":{},"seed_source_timestamp":121635337776041,"shop_contents":[{"floor":4,"relics":["Bottled Flame","Dead Branch","DollysMirror"],"cards":["Whirlwind","Thunderclap","Armaments","True Grit","Feel No Pain","Finesse","Magnetism"],"potions":["Dexterity Potion"]},{"floor":14,"relics":["Singing Bowl","Dream Catcher","Medical Kit"],"cards":["Carnage","Perfected Strike","Sentinel","Double Tap","Corruption","HandOfGreed"],"potions":["LiquidMemories","AttackPotion","DistilledChaos"]},{"floor":20,"relics":["Letter Opener","Potion Belt","ClockworkSouvenir"],"cards":["Clothesline","Flame Barrier","Shrug It Off","Metallicize","Trip","Transmutation"],"potions":["ColorlessPotion","Block Potion","Dexterity Potion"]}],"circlet_count":0,"master_deck":["AscendersBane","Strike_R","Strike_R","Strike_R","Strike_R","Defend_R","Defend_R","Defend_R","Defend_R","Bash","Dramatic Entrance+1","Fiend Fire+1","Inflame+1","Shrug It Off","Rupture","Evolve","Trip","Brutality+1","Bloodletting","Second Wind+1","Headbutt","Dark Embrace+1","Intimidate"],"potion_use_per_floor":[[],[],[],[],[],["PowerPotion"],[],[],[],[],["GamblersBrew"],[],[],[],[],["Weak Potion"],[],["SkillPotion"],[],[],[],[],[],[],[],[],[],[],["Regen Potion"],[],["LiquidMemories"]],"relics":["Burning Blood","Self Forming Clay","Vajra","Bronze Scales","Runic Cube","The Courier"],"potions_floor_usage":[6,11,16,18,29,31],"damage_taken":[{"damage":0,"enemies":"Small Slimes","floor":1,"turns":3},{"damage":7,"enemies":"Jaw Worm","floor":2,"turns":3},{"damage":0,"enemies":"2 Louse","floor":3,"turns":3},{"damage":15,"enemies":"Lagavulin","floor":6,"turns":5},{"damage":0,"enemies":"Gremlin Gang","floor":8,"turns":3},{"damage":0,"enemies":"Large Slime","floor":10,"turns":3},{"damage":16,"enemies":"3 Sentries","floor":11,"turns":8},{"damage":0,"enemies":"Exordium Wildlife","floor":13,"turns":2},{"damage":15,"enemies":"Slime Boss","floor":16,"turns":4},{"damage":25,"enemies":"Shell Parasite","floor":18,"turns":2},{"damage":1,"enemies":"Chosen","floor":19,"turns":2},{"damage":39,"enemies":"Shelled Parasite and Fungi","floor":22,"turns":4},{"damage":10,"enemies":"Snecko","floor":24,"turns":3},{"damage":22,"enemies":"Centurion and Healer","floor":27,"turns":7},{"damage":27,"enemies":"Snake Plant","floor":29,"turns":4},{"damage":9,"enemies":"Chosen and Byrds","floor":30,"turns":3},{"damage":12,"enemies":"3 Cultists","floor":31,"turns":4}],"green_key_taken_log":6,"seed_played":"4507389227488541679","neow_bonus_log":{"cardsObtained":[],"cardsUpgraded":[],"cardsRemoved":[],"cardsTransformed":[],"relicsObtained":[],"maxHpGained":0,"goldGained":0,"damageTaken":0,"goldLost":0,"maxHpLost":0},"potions_obtained":[{"floor":6,"key":"Weak Potion"},{"floor":8,"key":"GamblersBrew"},{"floor":13,"key":"Energy Potion"},{"floor":16,"key":"SkillPotion"},{"floor":24,"key":"LiquidMemories"},{"floor":27,"key":"Regen Potion"},{"floor":29,"key":"Fire Potion"}],"is_trial":false,"path_per_floor":["M","M","M","$","?","E","R","M","T","M","E","R","M","$","R","B",null,"M","M","$","?","M","R","M","R","T","M","R","M","M","M"],"character_chosen":"IRONCLAD","basemod:card_modifiers":[null,null,null,null,null,null,null,null,null,null,null,null,null,null,null,null,null,null,null,null,null,null,null],"items_purchased":["PowerPotion","ColorlessPotion","Trip","Headbutt"],"campfire_rested":1,"item_purchase_floors":[4,4,14,20],"current_hp_per_floor":[74,73,75,75,57,48,48,54,54,60,50,50,56,56,56,47,68,49,54,54,54,21,43,39,39,39,23,23,14,11,0],"gold":108,"neow_bonus":"RANDOM_COLORLESS","is_prod":false,"is_daily":false,"rewards_skipped":[],"chose_seed":false,"campfire_upgraded":5,"win_rate":0,"floor_exit_playtime":[337,373,423,458,521,615,640,720,728,788,914,941,1003,1082,1095,1185,1222,1282,1443,1568,1575,1679,1686,1749,1810,1813,1944,1968,2103,2189],"timestamp":1705553123,"path_taken":["M","M","M","$","?","E","R","M","T","M","E","R","M","?","R","BOSS","M","M","$","?","M","R","M","R","T","M","R","M","?","M"],"build_version":"2022-12-01","purchased_purges":1,"victory":false,"max_hp_per_floor":[75,75,75,75,75,75,75,75,75,75,75,75,75,75,75,75,75,75,75,75,75,75,75,75,75,75,75,75,75,75,75],"relic_stats":{"counters":[17,63],"Self Forming Clay":[90],"Bronze Scales":[84],"The Courier":0,"obtain_stats":[{"Self Forming Clay":6,"Bronze Scales":11,"Vajra":9,"The Courier":26,"Burning Blood":0,"Runic Cube":17},{"Self Forming Clay":4,"Bronze Scales":7,"Vajra":5,"The Courier":13,"Burning Blood":0,"Runic Cube":9},{"Self Forming Clay":14,"Bronze Scales":28,"Vajra":17,"The Courier":45,"Burning Blood":0,"Runic Cube":34}],"Burning Blood":92,"Runic Cube":[29]},"card_choices":[{"not_picked":["Blind","Jack Of All Trades"],"picked":"Dramatic Entrance","floor":0},{"not_picked":["Thunderclap","Seeing Red","Clash"],"picked":"SKIP","floor":1},{"not_picked":["Anger","Iron Wave"],"picked":"Fiend Fire","floor":2},{"not_picked":["Sentinel","Armaments"],"picked":"Inflame","floor":3},{"not_picked":["Perfected Strike","Sword Boomerang","Havoc"],"picked":"SKIP","floor":6},{"not_picked":["Dual Wield","Clothesline"],"picked":"Shrug It Off","floor":8},{"not_picked":["Reckless Charge","Clash"],"picked":"Rupture","floor":10},{"not_picked":["Flex","Sentinel"],"picked":"Evolve","floor":11},{"not_picked":["Headbutt","Dual Wield","Evolve"],"picked":"SKIP","floor":13},{"not_picked":["Corruption","Demon Form"],"picked":"Brutality","floor":16},{"not_picked":["Twin Strike","True Grit+1"],"picked":"Bloodletting","floor":18},{"not_picked":["Flex","Thunderclap"],"picked":"Second Wind+1","floor":19},{"not_picked":["Flex","Thunderclap"],"picked":"Dark Embrace","floor":22},{"not_picked":["Sword Boomerang","Body Slam"],"picked":"Intimidate","floor":24},{"not_picked":["Havoc","Dual Wield","Armaments"],"picked":"SKIP","floor":27},{"not_picked":["Second Wind","Cleave","Sentinel"],"picked":"SKIP","floor":29},{"not_picked":["Shrug It Off","Hemokinesis","Twin Strike"],"picked":"SKIP","floor":30}],"player_experience":128746,"relics_obtained":[{"floor":6,"key":"Self Forming Clay"},{"floor":9,"key":"Vajra"},{"floor":11,"key":"Bronze Scales"},{"floor":26,"key":"The Courier"}],"event_choices":[{"damage_healed":0,"gold_gain":0,"player_choice":"Fled","damage_taken":18,"max_hp_gain":0,"max_hp_loss":0,"event_name":"Scrap Ooze","floor":5,"gold_loss":0},{"damage_healed":0,"gold_gain":0,"player_choice":"Ignored","damage_taken":0,"max_hp_gain":0,"max_hp_loss":0,"event_name":"The Mausoleum","floor":21,"gold_loss":0}],"is_beta":false,"boss_relics":[{"not_picked":["Runic Dome","Ectoplasm"],"picked":"Runic Cube"}],"items_purged_floors":[20],"is_endless":false,"potions_floor_spawned":[6,8,13,16,24,27,29],"killed_by":"3 Cultists","ascension_level":20,"potion_discard_per_floor":[[],[],[],[],[],[],[],["ColorlessPotion"],[],[],[],[],[],[],[],[],[],[],[],[],[],[],[],[],[],[],["Energy Potion"],[],[],[],[]]}