{"neow_bonuses_skipped_log":["THREE_CARDS","HUNDRED_GOLD","BOSS_RELIC"],"neow_costs_skipped_log":["NONE","NONE","NONE"],"potions_obtained_entropic_brew":[[],[],[],[],[],[],[],[],[],[],[],[],[],[],[],[],[],[],[],[],[],[],[],[],[],[],[],[],[]],"gold_per_floor":[112,112,127,138,155,155,166,198,249,249,326,357,369,386,386,460,460,472,43,93,68,87,87,112,124,136,180,202,214],"floor_reached":29,"playtime":2232,"items_purged":["Strike_R"],"score":550,"play_id":"8f8ab91a-7f30-44d3-a247-1ec79e249c87","local_time":"20240111172352","score_breakdown":["Floors Climbed (29): 145","Enemies Slain (10): 20","Exordium Elites Killed (2): 20","City Elites Killed (2): 40","Bosses Slain (1): 50","Ascension (20): 275"],"is_ascension_mode":true,"potions_obtained_alchemize":[[],[],[],[],[],[],[],[],[],[],[],[],[],[],[],[],[],[],[],[],[],[],[],[],[],[],[],[],[]],"campfire_choices":[{"data":"Inflame","floor":6,"key":"SMITH"},{"floor":10,"key":"REST"},{"data":"Bash","floor":15,"key":"SMITH"},{"data":"Dark Embrace","floor":23,"key":"SMITH"},{"floor":25,"key":"REST"}],"lesson_learned_per_floor":[[],[],[],[],[],[],[],[],[],[],[],[],[],[],[],[],[],[],[],[],[],[],[],[],[],[],[],[],[]],"neow_cost":"TEN_PERCENT_HP_LOSS","improvable_cards":{},"seed_source_timestamp":75771637487125,"shop_contents":[{"floor":19,"relics":["Orichalcum"],"cards":["Perfected Strike","Armaments","Flash of Steel","Transmutation"],"potions":["GamblersBrew","GamblersBrew","Weak Potion"]}],"circlet_count":0,"master_deck":["AscendersBane","Strike_R","Strike_R","Strike_R","Strike_R","Defend_R","Defend_R","Defend_R","Bash+1","Inflame+1","Pummel","Evolve","Rage","Cleave","Juggernaut","Metallicize","Inflame","Spot Weakness","Impervious","Immolate","Dark Embrace+1","Fiend Fire","Shrug It Off","Armaments","Rage","True Grit","Power Through"],"potion_use_per_floor":[[],[],[],[],[],[],[],[],[],[],["LiquidMemories"],["FearPotion"],[],[],[],[],[],[],[],[],[],[],[],["ColorlessPotion","FearPotion"],[],[],["HeartOfIron"],[],[]],"relics":["Burning Blood","Turnip","SsserpentHead","Regal Pillow","Odd Mushroom","Art of War","Cursed Key","Membership Card","Bag of Preparation","MawBank","PreservedInsect"],"potions_floor_usage":[11,12,24,24,27],"damage_taken":[{"damage":6,"enemies":"Jaw Worm","floor":1,"turns":5},{"damage":5,"enemies":"Small Slimes","floor":3,"turns":4},{"damage":6,"enemies":"Cultist","floor":4,"turns":3},{"damage":12,"enemies":"Looter","floor":5,"turns":4},{"damage":14,"enemies":"Red Slaver","floor":7,"turns":5},{"damage":33,"enemies":"3 Sentries","floor":8,"turns":7},{"damage":17,"enemies":"The Mushroom Lair","floor":11,"turns":4},{"damage":28,"enemies":"Gremlin Nob","floor":12,"turns":4},{"damage":9,"enemies":"Blue Slaver","floor":13,"turns":4},{"damage":5,"enemies":"3 Louse","floor":14,"turns":3},{"damage":21,"enemies":"Hexaghost","floor":16,"turns":8},{"damage":26,"enemies":"Shell Parasite","floor":18,"turns":5},{"damage":5,"enemies":"Spheric Guardian","floor":22,"turns":3},{"damage":28,"enemies":"Slavers","floor":24,"turns":4},{"damage":14,"enemies":"Book of Stabbing","floor":27,"turns":4},{"damage":18,"enemies":"Snake Plant","floor":28,"turns":4},{"damage":32,"enemies":"Chosen and Byrds","floor":29,"turns":3}],"seed_played":"6446670799369901829","neow_bonus_log":{"cardsObtained":[],"cardsUpgraded":[],"cardsRemoved":[],"cardsTransformed":[],"relicsObtained":["Turnip"],"maxHpGained":0,"goldGained":0,"damageTaken":0,"goldLost":0,"maxHpLost":7},"potions_obtained":[{"floor":3,"key":"FearPotion"},{"floor":5,"key":"LiquidMemories"},{"floor":14,"key":"FearPotion"},{"floor":18,"key":"ColorlessPotion"},{"floor":24,"key":"HeartOfIron"}],"is_trial":false,"path_per_floor":["M","?","M","M","M","R","M","E","T","R","?","E","M","M","R","B",null,"M","$","T","?","M","R","E","R","T","E","M","M"],"character_chosen":"IRONCLAD","basemod:card_modifiers":[null,null,null,null,null,null,null,null,null,null,null,null,null,null,null,null,null,null,null,null,null,null,null,null,null,null,null],"items_purchased":["Membership Card","Dark Embrace","Fiend Fire","Bag of Preparation","Shrug It Off"],"campfire_rested":2,"item_purchase_floors":[19,19,19,19,19],"current_hp_per_floor":[68,68,68,68,62,62,54,27,27,62,51,29,26,27,27,12,54,34,34,34,34,35,35,13,48,48,40,28,0],"gold":214,"neow_bonus":"ONE_RARE_RELIC","is_prod":false,"is_daily":false,"rewards_skipped":[{"floor":7,"relics":[],"potions":["SpeedPotion"]}],"chose_seed":false,"campfire_upgraded":3,"win_rate":0,"floor_exit_playtime":[200,208,258,314,372,382,445,652,682,688,753,888,944,1016,1063,1295,1325,1416,1451,1459,1500,1629,1694,1930,1936,1942,2042,2137],"timestamp":1705011832,"blue_key_relic_skipped_log":{"floor":9,"relicID":"Boot"},"path_taken":["M","?","M","M","M","R","M","E","T","R","?","E","M","M","R","BOSS","M","$","?","?","M","R","E","R","T","E","M","M"],"build_version":"2022-12-01","purchased_purges":1,"victory":false,"max_hp_per_floor":[68,68,68,68,68,68,68,68,68,68,68,68,68,68,68,68,68,68,68,68,68,68,68,68,68,68,68,68,68],"relic_stats":{"SsserpentHead":150,"Regal Pillow":30,"counters":[17,74],"Turnip":[12],"PreservedInsect":0,"Art of War":[8],"Bag of Preparation":[10],"Membership Card":266,"Cursed Key":0,"MawBank":60,"obtain_stats":[{"SsserpentHead":2,"Regal Pillow":8,"Turnip":0,"PreservedInsect":27,"Art of War":12,"Bag of Preparation":19,"Membership Card":19,"Odd Mushroom":11,"Cursed Key":17,"MawBank":24,"Burning Blood":0},{"SsserpentHead":1,"Regal Pillow":6,"Turnip":0,"PreservedInsect":15,"Art of War":8,"Bag of Preparation":12,"Membership Card":12,"Odd Mushroom":7,"Cursed Key":11,"MawBank":14,"Burning Blood":0},{"SsserpentHead":5,"Regal Pillow":28,"Turnip":0,"PreservedInsect":67,"Art of War":36,"Bag of Preparation":56,"Membership Card":56,"Odd Mushroom":32,"Cursed Key":51,"MawBank":63,"Burning Blood":0}],"Burning Blood":95},"card_choices":[{"not_picked":["Dual Wield","Armaments"],"picked":"Inflame","floor":1},{"not_picked":["Flex","Sword Boomerang"],"picked":"Pummel","floor":3},{"not_picked":["Hemokinesis","Shrug It Off"],"picked":"Evolve","floor":4},{"not_picked":["True Grit","Armaments"],"picked":"Rage","floor":5},{"not_picked":["Shrug It Off","Rupture"],"picked":"Cleave","floor":7},{"not_picked":["Rage","Clothesline"],"picked":"Juggernaut","floor":8},{"not_picked":["Havoc","Clothesline"],"picked":"Metallicize","floor":11},{"not_picked":["Anger","Infernal Blade"],"picked":"Inflame","floor":12},{"not_picked":["Clash","Thunderclap"],"picked":"Spot Weakness","floor":13},{"not_picked":["Fire Breathing","Clash"],"picked":"Impervious","floor":14},{"not_picked":["Barricade","Limit Break"],"picked":"Immolate","floor":16},{"not_picked":["Combust","Clash","Wild Strike"],"picked":"SKIP","floor":18},{"not_picked":["Uppercut","Sever Soul"],"picked":"Armaments","floor":22},{"not_picked":["Thunderclap","Body Slam"],"picked":"Rage","floor":24},{"not_picked":["Headbutt","Sever Soul"],"picked":"True Grit","floor":27},{"not_picked":["Entrench","Twin Strike"],"picked":"Power Through","floor":28}],"player_experience":120201,"relics_obtained":[{"floor":8,"key":"Regal Pillow"},{"floor":11,"key":"Odd Mushroom"},{"floor":12,"key":"Art of War"},{"floor":24,"key":"MawBank"},{"floor":27,"key":"PreservedInsect"}],"event_choices":[{"damage_healed":0,"gold_gain":0,"player_choice":"Trade","damage_taken":0,"relics_obtained":["SsserpentHead"],"max_hp_gain":0,"max_hp_loss":0,"event_name":"FaceTrader","floor":2,"gold_loss":0},{"damage_healed":0,"gold_gain":0,"player_choice":"Fought Mushrooms","damage_taken":0,"max_hp_gain":0,"max_hp_loss":0,"event_name":"Mushrooms","floor":11,"gold_loss":0},{"cards_removed":["Defend_R"],"damage_healed":0,"gold_gain":0,"player_choice":"Gave Gold","damage_taken":0,"max_hp_gain":0,"max_hp_loss":0,"event_name":"Beggar","floor":21,"gold_loss":75}],"is_beta":false,"boss_relics":[{"not_picked":["SlaversCollar","Mark of Pain"],"picked":"Cursed Key"}],"items_purged_floors":[19],"is_endless":false,"potions_floor_spawned":[3,5,7,14,18,24],"killed_by":"Chosen and Byrds","ascension_level":20,"potion_discard_per_floor":[[],[],[],[],[],[],[],[],[],[],[],[],[],[],[],[],[],[],[],[],[],[],[],[],[],[],[],[],[]]}