{"neow_bonuses_skipped_log":["TEN_PERCENT_HP_BONUS","TRANSFORM_TWO_CARDS","BOSS_RELIC"],"neow_costs_skipped_log":["NONE","TEN_PERCENT_HP_LOSS","NONE"],"potions_obtained_entropic_brew":[[],[],[],[],[],[],[],[],[],[],[],[],[],[],[],[],[],[],[],[],[],[],[]],"gold_per_floor":[116,132,152,165,56,56,86,105,151,151,251,263,263,292,292,366,366,377,377,395,407,83,83],"floor_reached":23,"playtime":2729,"items_purged":["Strike_R+1"],"score":456,"play_id":"16267a5b-d619-4cfd-995b-4d52528a469c","local_time":"20240124233311","score_breakdown":["Floors Climbed (23): 115","Enemies Slain (9): 18","Exordium Elites Killed (2): 20","City Elites Killed (0): 0","Bosses Slain (1): 50","Champion (1): 25","Ascension (20): 228"],"is_ascension_mode":true,"potions_obtained_alchemize":[[],[],[],[],[],[],[],[],[],[],[],[],[],[],[],[],[],[],[],[],[],[],[]],"campfire_choices":[{"data":"Flex","floor":6,"key":"SMITH"},{"data":"Fire Breathing","floor":10,"key":"SMITH"},{"data":"Immolate","floor":13,"key":"SMITH"},{"data":"Dark Embrace","floor":15,"key":"SMITH"}],"lesson_learned_per_floor":[[],[],[],[],[],[],[],[],[],[],[],[],[],[],[],[],[],[],[],[],[],[],[]],"neow_cost":"NONE","improvable_cards":{},"seed_source_timestamp":392408968250,"shop_contents":[{"floor":5,"relics":["Shuriken","Eternal Feather","Cauldron"],"cards":["Body Slam","Perfected Strike","Warcry","Metallicize","Jack Of All Trades","Apotheosis"],"potions":["ElixirPotion","DistilledChaos"]},{"floor":22,"relics":["Toy Ornithopter","Potion Belt"],"cards":["Sword Boomerang","Feed","Double Tap","Shrug It Off","Combust","Discovery","Mayhem"],"potions":["SmokeBomb","ElixirPotion"]}],"circlet_count":0,"master_deck":["AscendersBane","Strike_R+1","Strike_R+1","Strike_R+1","Defend_R+1","Defend_R+1","Defend_R+1","Defend_R+1","Bash","Clothesline","Fire Breathing+1","Twin Strike","Power Through","Flex+1","True Grit","Immolate+1","Dark Embrace+1","Demon Form","Thunderclap","Battle Trance","Reckless Charge"],"potion_use_per_floor":[[],[],[],[],[],[],["Ancient Potion","AttackPotion"],[],[],[],[],["SkillPotion"],[],["SteroidPotion","Energy Potion"],[],[],[],["AttackPotion"],[],[],[],[],["DistilledChaos"]],"relics":["Burning Blood","Dream Catcher","Red Skull","Paper Frog","Black Star","Frozen Eye"],"potions_floor_usage":[7,7,12,14,14,18,23],"damage_taken":[{"damage":6,"enemies":"Cultist","floor":1,"turns":3},{"damage":2,"enemies":"2 Louse","floor":2,"turns":3},{"damage":9,"enemies":"Small Slimes","floor":3,"turns":5},{"damage":9,"enemies":"Looter","floor":4,"turns":4},{"damage":19,"enemies":"Lagavulin","floor":7,"turns":6},{"damage":7,"enemies":"Blue Slaver","floor":8,"turns":4},{"damage":1,"enemies":"2 Fungi Beasts","floor":12,"turns":4},{"damage":0,"enemies":"Gremlin Nob","floor":14,"turns":2},{"damage":23,"enemies":"Slime Boss","floor":16,"turns":6},{"damage":11,"enemies":"Spheric Guardian","floor":18,"turns":3},{"damage":32,"enemies":"Shell Parasite","floor":20,"turns":5},{"damage":0,"enemies":"3 Cultists","floor":21,"turns":1},{"damage":43,"enemies":"Gremlin Leader","floor":23,"turns":5}],"green_key_taken_log":7,"seed_played":"-8247342074389132258","neow_bonus_log":{"cardsObtained":["Clothesline"],"cardsUpgraded":[],"cardsRemoved":[],"cardsTransformed":["Strike_R"],"relicsObtained":[],"maxHpGained":0,"goldGained":0,"damageTaken":0,"goldLost":0,"maxHpLost":0},"potions_obtained":[{"floor":2,"key":"Ancient Potion"},{"floor":7,"key":"SkillPotion"},{"floor":8,"key":"Energy Potion"},{"floor":12,"key":"SteroidPotion"},{"floor":16,"key":"AttackPotion"}],"is_trial":false,"path_per_floor":["M","M","M","M","$","R","E","M","T","R","?","M","R","E","R","B",null,"M","?","M","M","$","E"],"character_chosen":"IRONCLAD","basemod:card_modifiers":[null,null,null,null,null,null,null,null,null,null,null,null,null,null,null,null,null,null,null,null,null],"items_purchased":["AttackPotion","Flex","Frozen Eye","DistilledChaos"],"campfire_rested":0,"item_purchase_floors":[5,5,22,22],"current_hp_per_floor":[68,72,69,66,66,66,53,52,52,52,52,57,57,63,63,46,68,63,63,37,43,43,0],"gold":83,"neow_bonus":"TRANSFORM_CARD","is_prod":false,"is_daily":false,"rewards_skipped":[],"chose_seed":false,"campfire_upgraded":4,"win_rate":0,"floor_exit_playtime":[617,648,723,1275,1356,1366,1522,1638,1643,1665,1701,1764,1774,1873,1900,2035,2165,2236,2253,2347,2383,2502],"timestamp":1706157191,"path_taken":["M","M","M","M","$","R","E","M","T","R","?","?","R","E","R","BOSS","M","?","M","M","$","E"],"build_version":"2022-12-01","purchased_purges":1,"victory":false,"max_hp_per_floor":[75,75,75,75,75,75,75,75,75,75,75,75,75,75,75,75,75,75,75,75,75,75,75],"relic_stats":{"Frozen Eye":51.751087,"Dream Catcher":0,"counters":[13,51],"Black Star":0,"obtain_stats":[{"Frozen Eye":22,"Dream Catcher":7,"Black Star":17,"Burning Blood":0,"Red Skull":9,"Paper Frog":14},{"Frozen Eye":12,"Dream Catcher":5,"Black Star":9,"Burning Blood":0,"Red Skull":6,"Paper Frog":8},{"Frozen Eye":46,"Dream Catcher":21,"Black Star":37,"Burning Blood":0,"Red Skull":25,"Paper Frog":31}],"Burning Blood":72},"card_choices":[{"not_picked":["Rupture","Intimidate","Flex"],"picked":"SKIP","floor":1},{"not_picked":["Thunderclap","Second Wind"],"picked":"Fire Breathing","floor":2},{"not_picked":["Seeing Red","Pummel"],"picked":"Twin Strike","floor":3},{"not_picked":["Iron Wave","Clothesline"],"picked":"Power Through","floor":4},{"not_picked":["Hemokinesis","Havoc","Warcry"],"picked":"SKIP","floor":7},{"not_picked":["Hemokinesis","Havoc","Warcry"],"picked":"SKIP","floor":7},{"not_picked":["Twin Strike","Armaments"],"picked":"True Grit","floor":8},{"not_picked":["Sever Soul","Twin Strike"],"picked":"Immolate","floor":12},{"not_picked":["Flex","Shrug It Off"],"picked":"Dark Embrace","floor":14},{"not_picked":["Limit Break","Exhume"],"picked":"Demon Form","floor":16},{"not_picked":["Heavy Blade","Clothesline"],"picked":"Thunderclap","floor":18},{"not_picked":["Flex","Dark Embrace"],"picked":"Battle Trance","floor":20},{"not_picked":["Heavy Blade","Havoc"],"picked":"Reckless Charge","floor":21}],"player_experience":182729,"relics_obtained":[{"floor":7,"key":"Dream Catcher"},{"floor":9,"key":"Red Skull"},{"floor":14,"key":"Paper Frog"}],"event_choices":[{"damage_healed":0,"gold_gain":100,"player_choice":"Gold","damage_taken":0,"max_hp_gain":0,"max_hp_loss":0,"event_name":"Wheel of Change","floor":11,"gold_loss":0},{"damage_healed":0,"gold_gain":0,"player_choice":"Simplicity","damage_taken":0,"max_hp_gain":0,"max_hp_loss":0,"event_name":"Back to Basics","floor":19,"gold_loss":0,"cards_upgraded":["Strike_R","Strike_R","Strike_R","Strike_R","Defend_R","Defend_R","Defend_R","Defend_R"]}],"is_beta":false,"boss_relics":[{"not_picked":["SacredBark","Ectoplasm"],"picked":"Black Star"}],"items_purged_floors":[22],"is_endless":false,"potions_floor_spawned":[2,7,8,12,16],"killed_by":"Gremlin Leader","ascension_level":20,"potion_discard_per_floor":[[],[],[],[],[],[],[],[],[],[],[],[],[],[],[],[],[],[],[],[],[],[],[]]}