{"neow_bonuses_skipped_log":["RANDOM_COMMON_RELIC","TRANSFORM_TWO_CARDS","BOSS_RELIC"],"neow_costs_skipped_log":["NONE","PERCENT_DAMAGE","NONE"],"potions_obtained_entropic_brew":[[],[],[],[],[],[],[],[],[],[],[],[],[],[],[],[],[],[],[],[],[],[],[],[],[],[],[],[],[],[],[],[],[]],"gold_per_floor":[111,128,148,158,158,158,188,188,188,188,205,231,248,278,278,353,353,373,112,123,48,59,59,93,93,145,170,14,30,55,55,55,55],"floor_reached":33,"playtime":2577,"items_purged":["Strike_R"],"score":750,"play_id":"bc3c1a8f-655c-4294-a726-03e12f16c3a1","local_time":"20240126134128","score_breakdown":["Floors Climbed (33): 165","Enemies Slain (10): 20","Exordium Elites Killed (3): 30","City Elites Killed (3): 60","Bosses Slain (1): 50","Champion (2): 50","Ascension (20): 375"],"is_ascension_mode":true,"potions_obtained_alchemize":[[],[],[],[],[],[],[],[],[],[],[],[],[],[],[],[],[],[],[],[],[],[],[],[],[],[],[],[],[],[],[],[],[]],"campfire_choices":[{"data":"Cleave","floor":6.0,"key":"SMITH"},{"data":"Bash","floor":8.0,"key":"SMITH"},{"floor":10.0,"key":"REST"},{"data":"True Grit","floor":15.0,"key":"SMITH"},{"floor":23.0,"key":"REST"},{"data":"Immolate","floor":25.0,"key":"SMITH"},{"data":"Rampage","floor":32.0,"key":"SMITH"}],"lesson_learned_per_floor":[[],[],[],[],[],[],[],[],[],[],[],[],[],[],[],[],[],[],[],[],[],[],[],[],[],[],[],[],[],[],[],[],[]],"neow_cost":"NONE","improvable_cards":{},"seed_source_timestamp":0,"shop_contents":[{"floor":19,"relics":["Thread and Needle","Akabeko","Chemical X"],"cards":["Thunderclap","Cleave","Warcry","Inflame","Good Instincts","Violence"],"potions":["SteroidPotion"]},{"floor":28,"relics":["Strawberry","Bottled Lightning","Medical Kit"],"cards":["Clash","Shrug It Off","Armaments","Panacea","Magnetism"],"potions":["BlessingOfTheForge","BloodPotion","FearPotion"]},{"floor":31,"relics":["Anchor","Bag of Marbles","Brimstone"],"cards":["Pommel Strike","Clash","Flex","True Grit","Combust","PanicButton","Mayhem"],"potions":["DuplicationPotion","ElixirPotion","Swift Potion"]}],"circlet_count":0,"master_deck":["AscendersBane","Strike_R","Strike_R","Strike_R","Defend_R","Defend_R","Defend_R","Defend_R","Bash+1","Exhume","Cleave+1","Pommel Strike","Shockwave","Pummel","Rampage+1","Offering","Flame Barrier","True Grit+1","Immolate+1","Entrench","Feel No Pain","Fiend Fire"],"special_seed":0,"potion_use_per_floor":[[],[],[],["DistilledChaos"],[],[],["AttackPotion"],[],[],[],[],["LiquidMemories"],[],[],[],["BlessingOfTheForge"],[],["Dexterity Potion"],[],[],[],[],[],["SteroidPotion"],[],[],["DuplicationPotion"],[],[],[],[],[],["SteroidPotion"]],"relics":["Burning Blood","Boot","Bronze Scales","Tiny Chest","Snecko Eye","Dream Catcher","Red Skull","Oddly Smooth Stone","Turnip"],"potions_floor_usage":[33],"damage_taken":[{"damage":20.0,"enemies":"Small Slimes","floor":1.0,"turns":6.0},{"damage":14.0,"enemies":"Jaw Worm","floor":2.0,"turns":3.0},{"damage":0.0,"enemies":"2 Louse","floor":3.0,"turns":2.0},{"damage":21.0,"enemies":"Large Slime","floor":4.0,"turns":6.0},{"damage":12.0,"enemies":"3 Sentries","floor":7.0,"turns":5.0},{"damage":0.0,"enemies":"Lots of Slimes","floor":11.0,"turns":2.0},{"damage":8.0,"enemies":"Gremlin Nob","floor":12.0,"turns":3.0},{"damage":6.0,"enemies":"2 Fungi Beasts","floor":13.0,"turns":1.0},{"damage":36.0,"enemies":"3 Sentries","floor":14.0,"turns":9.0},{"damage":28.0,"enemies":"Hexaghost","floor":16.0,"turns":8.0},{"damage":24.0,"enemies":"Chosen","floor":18.0,"turns":5.0},{"damage":1.0,"enemies":"3 Byrds","floor":20.0,"turns":2.0},{"damage":28.0,"enemies":"Shelled Parasite and Fungi","floor":22.0,"turns":5.0},{"damage":0.0,"enemies":"Gremlin Leader","floor":24.0,"turns":5.0},{"damage":16.0,"enemies":"Book of Stabbing","floor":27.0,"turns":5.0},{"damage":6.0,"enemies":"Snake Plant","floor":29.0,"turns":1.0},{"damage":6.0,"enemies":"Gremlin Leader","floor":30.0,"turns":2.0},{"damage":43,"enemies":"Champ","floor":33,"turns":17}],"seed_played":"-2019549974863525673","neow_bonus_log":{"cardsObtained":["Exhume"],"cardsUpgraded":[],"cardsRemoved":[],"cardsTransformed":[],"relicsObtained":[],"maxHpGained":0,"goldGained":0,"damageTaken":0,"goldLost":0,"maxHpLost":0},"potions_obtained":[{"floor":1.0,"key":"AttackPotion"},{"floor":3.0,"key":"DistilledChaos"},{"floor":11.0,"key":"LiquidMemories"},{"floor":13.0,"key":"Dexterity Potion"},{"floor":14.0,"key":"BlessingOfTheForge"},{"floor":30.0,"key":"SteroidPotion"}],"is_trial":false,"path_per_floor":["M","M","M","M","?","R","E","R","T","R","M","E","M","E","R","B",null,"M","$","M","?","M","R","E","R","T","E","$","M","E","$","R","B"],"character_chosen":"IRONCLAD","basemod:card_modifiers":[null,null,null,null,null,null,null,null,null,null,null,null,null,null,null,null,null,null,null,null,null,null],"items_purchased":["Entrench","SteroidPotion","DuplicationPotion","Feel No Pain","Fiend Fire"],"campfire_rested":2,"item_purchase_floors":[19,19,19,28,28],"current_hp_per_floor":[54,46,52,37,42,42,36,36,36,58,64,62,62,32,32,10,59,41,41,46,46,24,46,52,52,52,42,42,42,42,42,42,0],"gold":55,"neow_bonus":"ONE_RANDOM_RARE_CARD","is_prod":false,"is_daily":false,"rewards_skipped":[{"floor":20,"relics":[],"potions":["GamblersBrew"]},{"floor":22,"relics":[],"potions":["Strength Potion"]}],"chose_seed":false,"campfire_upgraded":5,"win_rate":0,"floor_exit_playtime":[163,212,236,344,403,422,491,503,510,519,546,722,752,897,907,1031,1116,1197,1265,1377,1396,1553,1557,1728,1734,1738,1957,1979,2018,2096,2105,2118],"timestamp":1706294488,"blue_key_relic_skipped_log":{"floor":9,"relicID":"Bottled Flame"},"path_taken":["M","M","M","M","?","R","E","R","T","R","M","E","M","E","R","BOSS","M","$","M","?","M","R","E","R","T","E","$","M","E","?","R","BOSS"],"build_version":"2022-12-01","purchased_purges":1,"victory":false,"max_hp_per_floor":[75,75,75,75,75,75,75,75,75,75,75,75,75,75,75,75,75,75,75,75,75,75,75,75,75,75,75,75,75,75,75,75,75],"relic_stats":{"Dream Catcher":0,"counters":[18,87],"Bronze Scales":[164],"Snecko Eye":[64,97,71,69,-68],"Tiny Chest":0,"Turnip":[8],"Boot":[67],"obtain_stats":[{"Dream Catcher":24,"Bronze Scales":12,"Snecko Eye":17,"Oddly Smooth Stone":27,"Tiny Chest":14,"Turnip":30,"Boot":7,"Burning Blood":0,"Red Skull":26},{"Dream Catcher":14,"Bronze Scales":7,"Snecko Eye":10,"Oddly Smooth Stone":15,"Tiny Chest":9,"Turnip":17,"Boot":5,"Burning Blood":0,"Red Skull":14},{"Dream Catcher":62,"Bronze Scales":27,"Snecko Eye":45,"Oddly Smooth Stone":67,"Tiny Chest":37,"Turnip":70,"Boot":22,"Burning Blood":0,"Red Skull":62}],"Burning Blood":102},"card_choices":[{"not_picked":["Clash","Iron Wave"],"picked":"Headbutt","floor":1.0},{"not_picked":["Wild Strike","Intimidate"],"picked":"Cleave","floor":2.0},{"not_picked":["Sword Boomerang","Wild Strike"],"picked":"Pommel Strike","floor":3.0},{"not_picked":["Searing Blow","Warcry"],"picked":"Shockwave","floor":4.0},{"not_picked":["Cleave","Second Wind"],"picked":"Pummel","floor":7.0},{"not_picked":["Whirlwind","Wild Strike"],"picked":"Rampage","floor":11.0},{"not_picked":["Intimidate","Dual Wield"],"picked":"Offering","floor":12.0},{"not_picked":["Thunderclap","Clothesline"],"picked":"Flame Barrier","floor":13.0},{"not_picked":["Heavy Blade","Twin Strike"],"picked":"True Grit","floor":14.0},{"not_picked":["Corruption","Impervious"],"picked":"Immolate","floor":16.0},{"not_picked":["Body Slam+1","Iron Wave+1","Cleave"],"picked":"SKIP","floor":18.0},{"not_picked":["Fire Breathing","Cleave","Power Through"],"picked":"SKIP","floor":20.0},{"not_picked":["Fire Breathing","Cleave","Power Through"],"picked":"SKIP","floor":20.0},{"not_picked":["Twin Strike","Reckless Charge","Metallicize+1"],"picked":"SKIP","floor":22.0},{"not_picked":["Double Tap","Body Slam","Pummel+1"],"picked":"SKIP","floor":24.0},{"not_picked":["Double Tap","Body Slam","Pummel+1"],"picked":"SKIP","floor":24.0},{"not_picked":["Clash","True Grit","Power Through"],"picked":"SKIP","floor":27.0},{"not_picked":["Clothesline","Body Slam","Searing Blow"],"picked":"SKIP","floor":29.0},{"not_picked":["Clothesline","Body Slam","Searing Blow"],"picked":"SKIP","floor":29.0},{"not_picked":["Thunderclap","Rampage","Clothesline"],"picked":"SKIP","floor":30.0}],"player_experience":187055,"relics_obtained":[{"floor":7.0,"key":"Boot"},{"floor":12.0,"key":"Bronze Scales"},{"floor":14.0,"key":"Tiny Chest"},{"floor":24.0,"key":"Dream Catcher"},{"floor":26.0,"key":"Red Skull"},{"floor":27.0,"key":"Oddly Smooth Stone"},{"floor":30.0,"key":"Turnip"}],"event_choices":[{"cards_removed":["Headbutt"],"damage_healed":5.0,"max_hp_gain":0.0,"max_hp_loss":0.0,"gold_gain":0.0,"event_name":"Bonfire Elementals","player_choice":"Offered Common","floor":5.0,"gold_loss":0.0,"damage_taken":0.0},{"cards_removed":["Headbutt"],"damage_healed":5.0,"max_hp_gain":0.0,"max_hp_loss":0.0,"gold_gain":0.0,"event_name":"Bonfire Elementals","player_choice":"Offered Special","floor":5.0,"gold_loss":0.0,"damage_taken":0.0},{"cards_removed":["Strike_R"],"damage_healed":0.0,"max_hp_gain":0.0,"max_hp_loss":0.0,"gold_gain":0.0,"event_name":"Beggar","player_choice":"Gave Gold","floor":21.0,"gold_loss":75.0,"damage_taken":0.0}],"is_beta":false,"boss_relics":[{"not_picked":["SlaversCollar","SacredBark"],"picked":"Snecko Eye"}],"items_purged_floors":[19],"is_endless":false,"potions_floor_spawned":[1,3,11,13,14,20,22,30],"killed_by":"Champ","ascension_level":20,"potion_discard_per_floor":[[],[],[],[],[],[],[],[],[],[],[],[],[],[],[],[],[],[],[],[],[],[],[],[],[],[],[],[],[],[],[],[],[]]}