{"neow_bonuses_skipped_log":["REMOVE_CARD","THREE_ENEMY_KILL","BOSS_RELIC"],"neow_costs_skipped_log":["NONE","NONE","NONE"],"potions_obtained_entropic_brew":[[],[],[],[],[]],"gold_per_floor":[116,126,139,149,149],"floor_reached":5,"playtime":470,"items_purged":[],"score":66,"play_id":"b9261541-e454-49f0-8978-546fccd0e1d2","local_time":"20240202170031","score_breakdown":["Floors Climbed (5): 25","Enemies Slain (4): 8","Exordium Elites Killed (0): 0","Bosses Slain (0): 0","Ascension (20): 33"],"is_ascension_mode":true,"potions_obtained_alchemize":[[],[],[],[],[]],"campfire_choices":[],"lesson_learned_per_floor":[[],[],[],[],[]],"neow_cost":"TEN_PERCENT_HP_LOSS","improvable_cards":{},"seed_source_timestamp":184241687706292,"shop_contents":[],"circlet_count":0,"master_deck":["AscendersBane","Strike_R","Strike_R","Strike_R","Strike_R","Defend_R","Defend_R","Defend_R","Bash","Disarm","Burning Pact","Shrug It Off"],"potion_use_per_floor":[[],[],[],[],[]],"relics":["Burning Blood"],"potions_floor_usage":[],"damage_taken":[{"damage":8,"enemies":"Small Slimes","floor":1,"turns":4},{"damage":7,"enemies":"Jaw Worm","floor":2,"turns":5},{"damage":7,"enemies":"2 Louse","floor":3,"turns":4},{"damage":17,"enemies":"Blue Slaver","floor":4,"turns":8},{"damage":54,"enemies":"Exordium Thugs","floor":5,"turns":8}],"seed_played":"4262236059950786693","neow_bonus_log":{"cardsObtained":[],"cardsUpgraded":[],"cardsRemoved":["Defend_R","Strike_R"],"cardsTransformed":[],"relicsObtained":[],"maxHpGained":0,"goldGained":0,"damageTaken":0,"goldLost":0,"maxHpLost":7},"potions_obtained":[{"floor":1,"key":"DuplicationPotion"}],"is_trial":false,"path_per_floor":["M","M","M","M","M"],"character_chosen":"IRONCLAD","basemod:card_modifiers":[null,null,null,null,null,null,null,null,null,null,null,null],"items_purchased":[],"campfire_rested":0,"item_purchase_floors":[],"current_hp_per_floor":[66,65,64,53,0],"gold":149,"neow_bonus":"REMOVE_TWO","is_prod":false,"is_daily":false,"rewards_skipped":[],"chose_seed":false,"campfire_upgraded":0,"win_rate":0,"floor_exit_playtime":[149,196,278,361],"timestamp":1706911231,"path_taken":["M","M","M","M","M"],"build_version":"2022-12-01","purchased_purges":0,"victory":false,"max_hp_per_floor":[68,68,68,68,68],"relic_stats":{"counters":[5,29],"obtain_stats":[{"Burning Blood":0},{"Burning Blood":0},{"Burning Blood":0}],"Burning Blood":24},"card_choices":[{"not_picked":["Rage","Cleave"],"picked":"Disarm","floor":1},{"not_picked":["Body Slam","Sentinel"],"picked":"Burning Pact","floor":2},{"not_picked":["Wild Strike","Warcry","Body Slam"],"picked":"SKIP","floor":3},{"not_picked":["Anger","Twin Strike"],"picked":"Shrug It Off","floor":4}],"player_experience":169089,"relics_obtained":[],"event_choices":[],"is_beta":false,"boss_relics":[],"items_purged_floors":[],"is_endless":false,"potions_floor_spawned":[1],"killed_by":"Exordium Thugs","ascension_level":20,"potion_discard_per_floor":[[],[],[],[],[]]}