{"neow_bonuses_skipped_log":["UPGRADE_CARD","RANDOM_COMMON_RELIC","BOSS_RELIC"],"neow_costs_skipped_log":["NONE","NONE","NONE"],"potions_obtained_entropic_brew":[[],[],[],[],[],[],[],[],[],[],[],[],[],[],[],[]],"gold_per_floor":[109,122,122,122,141,141,141,141,141,141,154,154,168,183,183,183],"floor_reached":16,"playtime":941,"items_purged":[],"score":204,"play_id":"9a06f61f-a620-4f39-91cd-8f441d03ae03","local_time":"20240209120553","score_breakdown":["Floors Climbed (16): 80","Enemies Slain (6): 12","Exordium Elites Killed (1): 10","Bosses Slain (0): 0","Ascension (20): 102"],"is_ascension_mode":true,"potions_obtained_alchemize":[[],[],[],[],[],[],[],[],[],[],[],[],[],[],[],[]],"campfire_choices":[{"data":"Combust","floor":6.0,"key":"SMITH"},{"data":"Bash","floor":8.0,"key":"SMITH"},{"floor":10.0,"key":"REST"},{"data":"Feed","floor":15,"key":"SMITH"}],"lesson_learned_per_floor":[[],[],[],[],[],[],[],[],[],[],[],[],[],[],[],[]],"neow_cost":"PERCENT_DAMAGE","improvable_cards":{},"seed_source_timestamp":216718204724417,"shop_contents":[],"circlet_count":0,"master_deck":["AscendersBane","Strike_R","Strike_R","Strike_R","Strike_R","Defend_R","Defend_R","Defend_R","Defend_R","Bash+1","Twin Strike","Combust+1","Feed+1","Metallicize","Fiend Fire","Dark Embrace"],"special_seed":0,"potion_use_per_floor":[[],[],[],[],[],[],["Regen Potion","SmokeBomb"],[],[],[],[],[],[],[],[],[]],"relics":["Burning Blood","Turnip","Mercury Hourglass","CultistMask"],"potions_floor_usage":[],"damage_taken":[{"damage":0.0,"enemies":"Small Slimes","floor":1.0,"turns":5.0},{"damage":7.0,"enemies":"Cultist","floor":2.0,"turns":4.0},{"damage":4.0,"enemies":"Jaw Worm","floor":5.0,"turns":3.0},{"damage":34.0,"enemies":"Lagavulin","floor":7.0,"turns":7.0},{"damage":0.0,"enemies":"Gremlin Gang","floor":11.0,"turns":4.0},{"damage":3.0,"enemies":"Looter","floor":13.0,"turns":3.0},{"damage":1,"enemies":"3 Louse","floor":14,"turns":3},{"damage":63,"enemies":"The Guardian","floor":16,"turns":10}],"seed_played":"-2648645189642366143","neow_bonus_log":{"cardsObtained":[],"cardsUpgraded":[],"cardsRemoved":[],"cardsTransformed":[],"relicsObtained":["Turnip"],"maxHpGained":0,"goldGained":0,"damageTaken":18,"goldLost":0,"maxHpLost":0},"potions_obtained":[{"floor":1.0,"key":"Regen Potion"},{"floor":2.0,"key":"SmokeBomb"},{"floor":13.0,"key":"Energy Potion"}],"is_trial":false,"path_per_floor":["M","M","?","?","M","R","E","R","T","R","M","?","M","M","R","B"],"character_chosen":"IRONCLAD","basemod:card_modifiers":[null,null,null,null,null,null,null,null,null,null,null,null,null,null,null,null],"items_purchased":[],"campfire_rested":1,"item_purchase_floors":[],"current_hp_per_floor":[56,55,55,29,31,31,18,18,18,40,49,49,55,63,63,0],"gold":183,"neow_bonus":"ONE_RARE_RELIC","is_prod":false,"is_daily":false,"rewards_skipped":[],"chose_seed":false,"campfire_upgraded":3,"win_rate":1,"floor_exit_playtime":[243,348,422,473,542,556,634,651,654,664,713,731,762,822,845],"timestamp":1707498353,"path_taken":["M","M","?","?","M","R","E","R","T","R","M","?","M","M","R","BOSS"],"build_version":"2022-12-01","purchased_purges":0,"victory":false,"max_hp_per_floor":[75,75,75,75,75,75,75,75,75,75,78,78,81,84,84,84],"relic_stats":{"counters":[8,39],"Turnip":[2],"obtain_stats":[{"Turnip":0,"CultistMask":12,"Burning Blood":0,"Mercury Hourglass":9},{"Turnip":0,"CultistMask":5,"Burning Blood":0,"Mercury Hourglass":4},{"Turnip":0,"CultistMask":23,"Burning Blood":0,"Mercury Hourglass":19}],"Burning Blood":42,"Mercury Hourglass":[72]},"card_choices":[{"not_picked":["Iron Wave","Bloodletting"],"picked":"Twin Strike","floor":1.0},{"not_picked":["Perfected Strike","Headbutt"],"picked":"Combust","floor":2.0},{"not_picked":["Warcry","Clothesline","Pummel"],"picked":"SKIP","floor":5.0},{"not_picked":["Flex","Twin Strike"],"picked":"Metallicize","floor":11.0},{"not_picked":["Intimidate","Body Slam"],"picked":"Fiend Fire","floor":13.0},{"not_picked":["Evolve","Wild Strike"],"picked":"Dark Embrace","floor":14}],"player_experience":209796,"relics_obtained":[{"floor":9.0,"key":"Mercury Hourglass"}],"event_choices":[{"damage_healed":0.0,"max_hp_gain":0.0,"max_hp_loss":0.0,"gold_gain":0.0,"cards_transformed":["Strike_R"],"event_name":"Transmorgrifier","player_choice":"Transformed","floor":3.0,"gold_loss":0.0,"damage_taken":0.0,"cards_obtained":["Feed"]},{"damage_healed":0.0,"max_hp_gain":0.0,"max_hp_loss":0.0,"gold_gain":0.0,"event_name":"Scrap Ooze","player_choice":"Fled","floor":4.0,"gold_loss":0.0,"damage_taken":26.0},{"damage_healed":0.0,"max_hp_gain":0.0,"max_hp_loss":0.0,"gold_gain":0.0,"event_name":"FaceTrader","player_choice":"Trade","floor":12.0,"gold_loss":0.0,"damage_taken":0.0,"relics_obtained":["CultistMask"]}],"is_beta":false,"boss_relics":[],"items_purged_floors":[],"is_endless":false,"potions_floor_spawned":[1,2,13],"killed_by":"The Guardian","ascension_level":20,"potion_discard_per_floor":[[],[],[],[],[],[],[],[],[],[],[],[],[],[],[],[]]}