{"neow_bonuses_skipped_log":["REMOVE_CARD","RANDOM_COLORLESS_2","BOSS_RELIC"],"potions_obtained_entropic_brew":[[],[],[],[],[],[],[],[],[],[],[],[],[],[],[],[],[],[],[],[],[],[],[],[],[],[],[],[],[],[],[],[],[],[],[],[],[],[],[],[]],"neow_costs_skipped_log":["NONE","PERCENT_DAMAGE","NONE"],"gold_per_floor":[215,231,57,69,126,126,161,161,161,194,210,243,257,292,292,369,369,381,400,157,174,187,187,217,233,233,59,109,135,60,74,74,146,146,158,176,18,18,35,35],"floor_reached":40,"playtime":3756,"items_purged":["Strike_R"],"score":1066,"play_id":"2b52d16a-5960-4d9d-90e9-ff1e79ce8f1d","local_time":"20240308182101","score_breakdown":["Floors Climbed (40): 200","Enemies Slain (14): 28","Exordium Elites Killed (4): 40","City Elites Killed (2): 40","Beyond Elites Killed (0): 0","Bosses Slain (2): 150","Collector (1): 25","Librarian: 25","Champion (1): 25","Overkill: 25","Ascension (20): 508"],"is_ascension_mode":true,"potions_obtained_alchemize":[[],[],[],[],[],[],[],[],[],[],[],[],[],[],[],[],[],[],[],[],[],[],[],[],[],[],[],[],[],[],[],[],[],[],[],[],[],[],[],[]],"campfire_choices":[{"data":"Uppercut","floor":6,"key":"SMITH"},{"data":"Anger","floor":8,"key":"SMITH"},{"data":"Inflame","floor":15,"key":"SMITH"},{"data":"Shockwave","floor":23,"key":"SMITH"},{"data":"Limit Break","floor":32,"key":"SMITH"}],"lesson_learned_per_floor":[[],[],[],[],[],[],[],[],[],[],[],[],[],[],[],[],[],[],[],[],[],[],[],[],[],[],[],[],[],[],[],[],[],[],[],[],[],[],[],[]],"neow_cost":"NONE","improvable_cards":{},"seed_source_timestamp":287982953479625,"shop_contents":[{"floor":3,"relics":["Shuriken","Letter Opener","Chemical X"],"cards":["Clash","Power Through","Shrug It Off","PanicButton","Thinking Ahead"],"potions":["Energy Potion","Weak Potion","Weak Potion"]},{"floor":20,"relics":["Bottled Lightning","Toxic Egg 2","Strange Spoon"],"cards":["Iron Wave","Thunderclap","Havoc","Fire Breathing","Dramatic Entrance","Panache"],"potions":["Dexterity Potion","Energy Potion"]},{"floor":27,"relics":["Mercury Hourglass","StrikeDummy","Sling"],"cards":["Thunderclap+1","Intimidate","Warcry","Inflame","Finesse","Mayhem"],"potions":["LiquidBronze","Explosive Potion","SteroidPotion"]},{"floor":37,"relics":["Paper Frog","Vajra","PrismaticShard"],"cards":["Clothesline+1","Thunderclap+1","Warcry","Rupture+1","Impatience","The Bomb"],"potions":["SpeedPotion","Strength Potion"]}],"circlet_count":0,"master_deck":["AscendersBane","Strike_R","Strike_R","Strike_R+1","Strike_R","Defend_R","Defend_R","Defend_R","Bash+1","Anger+1","Ghostly Armor","Feel No Pain","Uppercut+1","Disarm","Pommel Strike","Cleave","Shrug It Off","Inflame+1","Seeing Red","Headbutt","Offering","Warcry+1","Disarm","Shockwave+1","Limit Break+1","Pommel Strike+1","Immolate+1","Exhume","Burning Pact","Barricade+1","Pommel Strike+1","Pommel Strike+1","Second Wind","Feel No Pain+1","Heavy Blade+1"],"potion_use_per_floor":[[],[],[],[],[],[],["DistilledChaos"],[],[],["Fire Potion"],[],[],["SkillPotion"],[],[],[],[],["DistilledChaos"],[],[],[],[],[],["Swift Potion"],[],[],[],[],["GamblersBrew","Block Potion"],[],[],[],[],[],[],[],[],[],[],["BloodPotion","ElixirPotion"]],"relics":["Burning Blood","Whetstone","MealTicket","Meat on the Bone","Question Card","Cursed Key","Molten Egg 2","Frozen Egg 2","Black Star"],"potions_floor_usage":[7,10,13,18,24,29,29,40,40],"damage_taken":[{"damage":28,"enemies":"Small Slimes","floor":1,"turns":7},{"damage":1,"enemies":"Cultist","floor":2,"turns":4},{"damage":6,"enemies":"Jaw Worm","floor":4,"turns":5},{"damage":3,"enemies":"3 Sentries","floor":7,"turns":10},{"damage":13,"enemies":"Gremlin Nob","floor":10,"turns":4},{"damage":9,"enemies":"3 Louse","floor":11,"turns":4},{"damage":23,"enemies":"Lagavulin","floor":12,"turns":7},{"damage":0,"enemies":"2 Fungi Beasts","floor":13,"turns":3},{"damage":11,"enemies":"3 Sentries","floor":14,"turns":9},{"damage":36,"enemies":"Hexaghost","floor":16,"turns":9},{"damage":15,"enemies":"Shell Parasite","floor":18,"turns":4},{"damage":26,"enemies":"Chosen","floor":19,"turns":8},{"damage":10,"enemies":"Centurion and Healer","floor":21,"turns":7},{"damage":22,"enemies":"Chosen and Byrds","floor":22,"turns":10},{"damage":6,"enemies":"Gremlin Leader","floor":24,"turns":6},{"damage":19,"enemies":"3 Cultists","floor":25,"turns":7},{"damage":38,"enemies":"Slavers","floor":29,"turns":6},{"damage":13,"enemies":"Centurion and Healer","floor":31,"turns":9},{"damage":28,"enemies":"Champ","floor":33,"turns":12},{"damage":35,"enemies":"3 Darklings","floor":35,"turns":4},{"damage":14,"enemies":"Orb Walker","floor":36,"turns":4},{"damage":29,"enemies":"Maw","floor":39,"turns":9},{"damage":62,"enemies":"Reptomancer","floor":40,"turns":3}],"seed_played":"4129623294324591930","neow_bonus_log":{"cardsObtained":[],"cardsUpgraded":[],"cardsRemoved":[],"cardsTransformed":[],"relicsObtained":[],"maxHpGained":0,"goldGained":100,"damageTaken":0,"goldLost":0,"maxHpLost":0},"potions_obtained":[{"floor":1,"key":"DistilledChaos"},{"floor":2,"key":"Fire Potion"},{"floor":11,"key":"SkillPotion"},{"floor":12,"key":"DistilledChaos"},{"floor":21,"key":"Block Potion"},{"floor":22,"key":"Swift Potion"},{"floor":25,"key":"Block Potion"},{"floor":31,"key":"BloodPotion"}],"is_trial":false,"path_per_floor":["M","M","$","M","?","R","E","R","T","E","M","E","M","E","R","B",null,"M","M","$","M","M","R","E","M","T","$","?","E","?","M","R","B",null,"M","M","$","?","M","E"],"character_chosen":"IRONCLAD","basemod:card_modifiers":[null,null,null,null,null,null,null,null,null,null,null,null,null,null,null,null,null,null,null,null,null,null,null,null,null,null,null,null,null,null,null,null,null,null,null],"items_purchased":["Feel No Pain","Uppercut","GamblersBrew","Shockwave","Immolate+1","Second Wind","ElixirPotion"],"campfire_rested":0,"item_purchase_floors":[3,3,20,20,27,37,37],"current_hp_per_floor":[46,51,51,51,51,51,54,54,54,47,44,27,45,52,52,34,65,56,48,63,59,55,55,55,54,54,69,69,49,49,54,54,44,67,50,54,69,69,46,0],"gold":35,"neow_bonus":"HUNDRED_GOLD","is_prod":false,"is_daily":false,"rewards_skipped":[],"chose_seed":false,"campfire_upgraded":5,"win_rate":0,"floor_exit_playtime":[233,306,353,405,424,432,588,612,623,701,771,874,933,1083,1095,1222,1376,1490,1651,1713,1867,2047,2076,2237,2382,2384,2422,2432,2579,2611,2761,2767,3065,3103,3260,3370,3400,3413,3612],"timestamp":1709940061,"blue_key_relic_skipped_log":{"floor":9,"relicID":"Pear"},"path_taken":["M","M","$","?","?","R","E","R","T","E","M","E","M","E","R","BOSS","M","M","$","M","M","R","E","M","T","$","?","E","?","?","R","BOSS","M","M","$","?","M","E"],"build_version":"2022-12-01","purchased_purges":1,"victory":false,"max_hp_per_floor":[75,75,75,75,75,75,75,75,75,75,75,75,75,75,75,75,75,75,75,75,75,75,75,75,75,75,75,75,75,75,75,75,75,75,75,75,75,75,75,75],"relic_stats":{"counters":[23,151],"MealTicket":45,"Black Star":0,"Whetstone":["Strike_R","Bash"],"Question Card":13,"Cursed Key":0,"obtain_stats":[{"MealTicket":10,"Molten Egg 2":24,"Black Star":34,"Whetstone":7,"Frozen Egg 2":29,"Question Card":14,"Cursed Key":17,"Burning Blood":0,"Meat on the Bone":12},{"MealTicket":5,"Molten Egg 2":15,"Black Star":19,"Whetstone":4,"Frozen Egg 2":17,"Question Card":9,"Cursed Key":10,"Burning Blood":0,"Meat on the Bone":7},{"MealTicket":30,"Molten Egg 2":97,"Black Star":131,"Whetstone":26,"Frozen Egg 2":110,"Question Card":53,"Cursed Key":62,"Burning Blood":0,"Meat on the Bone":41}],"Burning Blood":132,"Meat on the Bone":132},"card_choices":[{"not_picked":["Burning Pact","Iron Wave"],"picked":"Anger","floor":1},{"not_picked":["Hemokinesis","Sword Boomerang"],"picked":"Ghostly Armor","floor":2},{"not_picked":["Bloodletting","Dual Wield"],"picked":"Disarm","floor":4},{"not_picked":["True Grit","Exhume"],"picked":"Pommel Strike","floor":7},{"not_picked":["Thunderclap","Heavy Blade"],"picked":"Cleave","floor":10},{"not_picked":["Feel No Pain","Seeing Red"],"picked":"Shrug It Off","floor":11},{"not_picked":["Dual Wield","Metallicize"],"picked":"Inflame","floor":12},{"not_picked":["Clash","Seeing Red","Body Slam"],"picked":"SKIP","floor":13},{"not_picked":["Clash","Body Slam"],"picked":"Seeing Red","floor":13},{"not_picked":["Heavy Blade","Inflame"],"picked":"Headbutt","floor":14},{"not_picked":["Bludgeon","Berserk","Double Tap"],"picked":"Offering","floor":16},{"not_picked":["Wild Strike","Ghostly Armor","Thunderclap"],"picked":"Warcry+1","floor":18},{"not_picked":["Heavy Blade","Sever Soul","Uppercut"],"picked":"Disarm","floor":19},{"not_picked":["Headbutt","Hemokinesis","Perfected Strike","Armaments"],"picked":"SKIP","floor":21},{"not_picked":["Headbutt","Hemokinesis","Perfected Strike","Armaments"],"picked":"SKIP","floor":21},{"not_picked":["Cleave","Ghostly Armor","Pommel Strike","Anger"],"picked":"SKIP","floor":22},{"not_picked":["Headbutt+1","Whirlwind+1","Disarm"],"picked":"Limit Break","floor":24},{"not_picked":["Searing Blow+1","Fire Breathing","Havoc"],"picked":"Pommel Strike+1","floor":25},{"not_picked":["Havoc","Anger+1","Seeing Red"],"picked":"Exhume","floor":29},{"not_picked":["Dark Embrace+1","Pommel Strike+1","Second Wind"],"picked":"Burning Pact","floor":31},{"not_picked":["Demon Form+1","Exhume","Brutality+1"],"picked":"Barricade+1","floor":33},{"not_picked":["Perfected Strike+1","Combust+1","Shrug It Off"],"picked":"Pommel Strike+1","floor":35},{"not_picked":["Body Slam+1","Flex","Iron Wave+1"],"picked":"Pommel Strike+1","floor":36},{"not_picked":["Blood for Blood+1","Armaments+1","Brutality+1"],"picked":"Heavy Blade+1","floor":39}],"player_experience":133072,"relics_obtained":[{"floor":7,"key":"Whetstone"},{"floor":10,"key":"MealTicket"},{"floor":12,"key":"Meat on the Bone"},{"floor":14,"key":"Question Card"},{"floor":24,"key":"Molten Egg 2"},{"floor":29,"key":"Frozen Egg 2"}],"event_choices":[{"damage_healed":0,"gold_gain":57,"player_choice":"Gained Gold","damage_taken":0,"max_hp_gain":0,"max_hp_loss":0,"event_name":"Golden Wing","floor":5,"gold_loss":0},{"damage_healed":0,"gold_gain":50,"player_choice":"Stole From Cult","damage_taken":0,"max_hp_gain":0,"max_hp_loss":0,"event_name":"Nest","floor":28,"gold_loss":0},{"cards_removed":["Defend_R"],"damage_healed":0,"gold_gain":0,"player_choice":"Gave Gold","damage_taken":0,"max_hp_gain":0,"max_hp_loss":0,"event_name":"Beggar","floor":30,"gold_loss":75},{"damage_healed":0,"gold_gain":0,"player_choice":"Copied","damage_taken":0,"max_hp_gain":0,"max_hp_loss":0,"event_name":"Duplicator","floor":38,"gold_loss":0,"cards_obtained":["Feel No Pain"]}],"is_beta":false,"boss_relics":[{"not_picked":["Black Blood","SlaversCollar"],"picked":"Cursed Key"},{"not_picked":["Runic Cube","Runic Dome"],"picked":"Black Star"}],"items_purged_floors":[20],"is_endless":false,"potions_floor_spawned":[1,2,11,12,21,22,25,31],"killed_by":"Reptomancer","ascension_level":20,"potion_discard_per_floor":[[],[],[],[],[],[],[],[],[],[],[],[],[],[],[],[],[],[],[],[],[],["Block Potion"],[],[],[],[],[],[],[],[],[],[],[],[],[],[],[],[],[],[]]}