{"neow_bonuses_skipped_log":["UPGRADE_CARD","THREE_RARE_CARDS","BOSS_RELIC"],"neow_costs_skipped_log":["NONE","PERCENT_DAMAGE","NONE"],"potions_obtained_entropic_brew":[[],[],[],[],[],[],[],[],[],[],[],[]],"gold_per_floor":[214,233,283,300,26,26,51,89,89,199,274,274],"floor_reached":12,"playtime":657,"items_purged":[],"score":176,"play_id":"7085172a-3f03-4fbc-a0ab-2ccbc8bcec50","local_time":"20240308171727","score_breakdown":["Floors Climbed (12): 60","Enemies Slain (4): 8","Exordium Elites Killed (2): 20","Bosses Slain (0): 0","Ascension (20): 88"],"is_ascension_mode":true,"potions_obtained_alchemize":[[],[],[],[],[],[],[],[],[],[],[],[]],"campfire_choices":[{"data":"HandOfGreed","floor":6.0,"key":"SMITH"}],"lesson_learned_per_floor":[[],[],[],[],[],[],[],[],[],[],[],[]],"neow_cost":"NONE","improvable_cards":{},"seed_source_timestamp":287254363167459,"shop_contents":[{"floor":5,"relics":["Orichalcum","Sundial","Medical Kit"],"cards":["Sever Soul","Heavy Blade","Entrench","Seeing Red","Forethought"],"potions":["BlessingOfTheForge","SneckoOil","Strength Potion"]}],"circlet_count":0,"master_deck":["AscendersBane","Strike_R","Strike_R","Strike_R","Strike_R","Strike_R","Defend_R","Defend_R","Defend_R","Defend_R","Bash","Flame Barrier","Headbutt","Dark Embrace","Evolve","HandOfGreed+1","Whirlwind","Burning Pact","Fire Breathing"],"special_seed":0,"potion_use_per_floor":[[],[],[],[],[],[],["Explosive Potion"],[],[],[],[],[]],"relics":["Burning Blood","HornCleat","Singing Bowl","Unceasing Top"],"potions_floor_usage":[],"damage_taken":[{"damage":9.0,"enemies":"2 Louse","floor":1.0,"turns":4.0},{"damage":5.0,"enemies":"Small Slimes","floor":2.0,"turns":6.0},{"damage":1.0,"enemies":"Cultist","floor":4.0,"turns":3.0},{"damage":8.0,"enemies":"Gremlin Nob","floor":7.0,"turns":3.0},{"damage":3.0,"enemies":"Looter","floor":8.0,"turns":4.0},{"damage":15.0,"enemies":"3 Sentries","floor":10.0,"turns":10.0},{"damage":61,"enemies":"Lagavulin","floor":12,"turns":6}],"seed_played":"774886584652701878","neow_bonus_log":{"cardsObtained":[],"cardsUpgraded":[],"cardsRemoved":[],"cardsTransformed":[],"relicsObtained":[],"maxHpGained":0,"goldGained":100,"damageTaken":0,"goldLost":0,"maxHpLost":0},"potions_obtained":[{"floor":1.0,"key":"Explosive Potion"}],"is_trial":false,"path_per_floor":["M","M","T","M","$","R","E","M","T","E","?","E"],"character_chosen":"IRONCLAD","basemod:card_modifiers":[null,null,null,null,null,null,null,null,null,null,null,null,null,null,null,null,null,null,null],"items_purchased":["Evolve","HandOfGreed"],"campfire_rested":0,"item_purchase_floors":[5,5],"current_hp_per_floor":[65,66,66,71,71,71,69,72,72,63,52,0],"gold":274,"neow_bonus":"HUNDRED_GOLD","is_prod":false,"is_daily":false,"rewards_skipped":[],"chose_seed":false,"campfire_upgraded":1,"win_rate":0,"floor_exit_playtime":[114,171,178,228,275,283,319,362,377,580,586],"timestamp":1709936247,"blue_key_relic_skipped_log":{"floor":3,"relicID":"Boot"},"path_taken":["M","M","?","M","$","R","E","M","T","E","?","E"],"build_version":"2022-12-01","purchased_purges":0,"victory":false,"max_hp_per_floor":[75,75,75,75,75,75,75,75,75,75,75,75],"relic_stats":{"Singing Bowl":0,"counters":[7,36],"obtain_stats":[{"HornCleat":7,"Singing Bowl":9,"Burning Blood":0,"Unceasing Top":10},{"HornCleat":4,"Singing Bowl":5,"Burning Blood":0,"Unceasing Top":6},{"HornCleat":16,"Singing Bowl":20,"Burning Blood":0,"Unceasing Top":30}],"Burning Blood":36,"Unceasing Top":[0]},"card_choices":[{"not_picked":["Clothesline","Iron Wave"],"picked":"Flame Barrier","floor":1.0},{"not_picked":["Second Wind","Warcry"],"picked":"Headbutt","floor":2.0},{"not_picked":["Wild Strike","Battle Trance"],"picked":"Dark Embrace","floor":4.0},{"not_picked":["Warcry","Blood for Blood"],"picked":"Whirlwind","floor":7.0},{"not_picked":["Rupture","Iron Wave"],"picked":"Burning Pact","floor":8.0},{"not_picked":["Iron Wave","Armaments"],"picked":"Fire Breathing","floor":10.0}],"player_experience":132415,"relics_obtained":[{"floor":7.0,"key":"HornCleat"},{"floor":9.0,"key":"Singing Bowl"},{"floor":10.0,"key":"Unceasing Top"}],"event_choices":[{"damage_healed":0.0,"max_hp_gain":0.0,"max_hp_loss":0.0,"gold_gain":75.0,"event_name":"World of Goop","player_choice":"Gather Gold","floor":11.0,"gold_loss":0.0,"damage_taken":11.0}],"is_beta":false,"boss_relics":[],"items_purged_floors":[],"is_endless":false,"potions_floor_spawned":[1],"killed_by":"Lagavulin","ascension_level":20,"potion_discard_per_floor":[[],[],[],[],[],[],[],[],[],[],[],[]]}