{"neow_bonuses_skipped_log":["TRANSFORM_CARD","TEN_PERCENT_HP_BONUS","BOSS_RELIC"],"potions_obtained_entropic_brew":[[],[],[],[],[],[],[],[],[],[],[],[],[],[],[],[],[],[],[],[],[],[],[],[],[],[],[],[],[],[],[],[],[]],"neow_costs_skipped_log":["NONE","NONE","NONE"],"gold_per_floor":[116,127,140,10,27,27,59,59,140,166,182,208,208,228,228,307,307,322,103,193,209,227,227,261,276,276,276,289,300,312,346,346,346],"floor_reached":33,"playtime":4787,"items_purged":["Strike_R"],"score":622,"play_id":"a459ff9f-ffa4-44ec-81d5-0e1880f60ca9","local_time":"20240307105447","score_breakdown":["Floors Climbed (33): 165","Enemies Slain (13): 26","Exordium Elites Killed (3): 30","City Elites Killed (2): 40","Bosses Slain (1): 50","Ascension (20): 311"],"is_ascension_mode":true,"potions_obtained_alchemize":[[],[],[],[],[],[],[],[],[],[],[],[],[],[],[],[],[],[],[],[],[],[],[],[],[],[],[],[],[],[],[],[],[]],"campfire_choices":[{"data":"Bash","floor":6,"key":"SMITH"},{"data":"Dark Embrace","floor":13,"key":"SMITH"},{"data":"True Grit","floor":15,"key":"SMITH"},{"data":"Immolate","floor":23,"key":"SMITH"},{"data":"Armaments","floor":27,"key":"SMITH"},{"data":"Barricade","floor":32,"key":"SMITH"}],"lesson_learned_per_floor":[[],[],[],[],[],[],[],[],[],[],[],[],[],[],[],[],[],[],[],[],[],[],[],[],[],[],[],[],[],[],[],[],[]],"neow_cost":"TEN_PERCENT_HP_LOSS","improvable_cards":{},"seed_source_timestamp":201607737572083,"shop_contents":[{"floor":4,"relics":["StoneCalendar","CeramicFish","ClockworkSouvenir"],"cards":["Iron Wave","Heavy Blade","Flex","Dark Embrace","Discovery","The Bomb"],"potions":["CultistPotion","BloodPotion","CultistPotion"]},{"floor":19,"relics":["Magic Flower","Potion Belt"],"cards":["Perfected Strike","Hemokinesis","Shrug It Off","Havoc","Evolve","Mind Blast","Master of Strategy"],"potions":["ColorlessPotion","BlessingOfTheForge"]}],"circlet_count":0,"master_deck":["AscendersBane","Strike_R","Strike_R","Strike_R","Defend_R","Defend_R","Defend_R","Defend_R","Bash+1","Dark Embrace+1","Pummel","Metallicize","True Grit+1","Sword Boomerang","Disarm","Disarm","Barricade+1","Battle Trance","Second Wind","Immolate+1","Armaments+1","Immolate+1","Uppercut+1","Battle Trance","Shockwave","Rage"],"potion_use_per_floor":[[],[],[],[],[],[],["SteroidPotion"],[],[],[],[],[],[],[],[],[],[],["Fire Potion"],[],[],["Ancient Potion"],[],[],["PowerPotion","SneckoOil"],[],[],[],[],[],[],["AttackPotion"],[],["ElixirPotion"]],"relics":["Burning Blood","Gambling Chip","Mercury Hourglass","Meat on the Bone","Torii","Oddly Smooth Stone","Runic Pyramid","OrangePellets","Molten Egg 2","The Courier"],"potions_floor_usage":[7,18,21,24,24,31,33],"damage_taken":[{"damage":1,"enemies":"Cultist","floor":1,"turns":3},{"damage":17,"enemies":"Small Slimes","floor":2,"turns":6},{"damage":16,"enemies":"Jaw Worm","floor":3,"turns":5},{"damage":0,"enemies":"Exordium Wildlife","floor":5,"turns":4},{"damage":5,"enemies":"Gremlin Nob","floor":7,"turns":3},{"damage":45,"enemies":"Lagavulin","floor":10,"turns":8},{"damage":3,"enemies":"Blue Slaver","floor":11,"turns":5},{"damage":22,"enemies":"3 Sentries","floor":12,"turns":10},{"damage":4,"enemies":"Gremlin Gang","floor":14,"turns":5},{"damage":29,"enemies":"The Guardian","floor":16,"turns":14},{"damage":2,"enemies":"2 Thieves","floor":18,"turns":4},{"damage":20,"enemies":"Shell Parasite","floor":21,"turns":10},{"damage":17,"enemies":"Shelled Parasite and Fungi","floor":22,"turns":10},{"damage":27,"enemies":"Gremlin Leader","floor":24,"turns":7},{"damage":9,"enemies":"Snecko","floor":25,"turns":13},{"damage":19,"enemies":"Snake Plant","floor":28,"turns":8},{"damage":22,"enemies":"Cultist and Chosen","floor":29,"turns":10},{"damage":13,"enemies":"Chosen and Byrds","floor":30,"turns":12},{"damage":1,"enemies":"Slavers","floor":31,"turns":2},{"damage":58,"enemies":"Collector","floor":33,"turns":12}],"green_key_taken_log":12,"seed_played":"-135288398061741223","neow_bonus_log":{"cardsObtained":[],"cardsUpgraded":[],"cardsRemoved":[],"cardsTransformed":[],"relicsObtained":["Gambling Chip"],"maxHpGained":0,"goldGained":0,"damageTaken":0,"goldLost":0,"maxHpLost":7},"potions_obtained":[{"floor":2,"key":"SteroidPotion"},{"floor":10,"key":"Fire Potion"},{"floor":11,"key":"Ancient Potion"},{"floor":21,"key":"SneckoOil"},{"floor":24,"key":"ElixirPotion"},{"floor":25,"key":"Dexterity Potion"},{"floor":30,"key":"AttackPotion"}],"is_trial":false,"path_per_floor":["M","M","M","$","M","R","E","?","T","E","M","E","R","M","R","B",null,"M","$","?","M","M","R","E","M","T","R","M","M","M","E","R","B"],"character_chosen":"IRONCLAD","basemod:card_modifiers":[null,null,null,null,null,null,null,null,null,null,null,null,null,null,null,null,null,null,null,null,null,null,null,null,null,null],"items_purchased":["True Grit","OrangePellets","PowerPotion"],"campfire_rested":0,"item_purchase_floors":[4,19,19],"current_hp_per_floor":[68,57,47,47,53,53,54,54,54,27,42,38,38,52,52,41,61,65,65,53,51,52,52,43,52,52,52,51,47,52,57,57,0],"gold":346,"neow_bonus":"ONE_RARE_RELIC","is_prod":false,"is_daily":false,"rewards_skipped":[{"floor":14,"relics":[],"potions":["FearPotion"]},{"floor":29,"relics":[],"potions":["Dexterity Potion"]}],"chose_seed":false,"campfire_upgraded":6,"win_rate":1,"floor_exit_playtime":[109,232,338,394,493,568,610,732,748,917,1000,1244,1266,1426,1433,1694,1853,2086,2129,2153,2383,2595,2603,2852,3236,3242,3265,3473,3655,3884,4341,4367],"timestamp":1709826887,"blue_key_relic_skipped_log":{"floor":26,"relicID":"Darkstone Periapt"},"path_taken":["M","M","?","$","M","R","E","?","T","E","M","E","R","M","R","BOSS","M","$","?","M","M","R","E","M","T","R","M","M","M","E","R","BOSS"],"build_version":"2022-12-01","purchased_purges":1,"victory":false,"max_hp_per_floor":[68,68,68,68,68,68,68,68,68,68,68,68,68,68,68,68,68,68,68,68,68,68,68,68,68,68,68,68,68,68,68,68,68],"relic_stats":{"OrangePellets":[2],"Torii":76,"counters":[20,151],"Gambling Chip":[54],"The Courier":0,"obtain_stats":[{"OrangePellets":19,"Torii":10,"Gambling Chip":0,"Oddly Smooth Stone":12,"Molten Egg 2":24,"The Courier":31,"Burning Blood":0,"Mercury Hourglass":7,"Meat on the Bone":9,"Runic Pyramid":17},{"OrangePellets":11,"Torii":6,"Gambling Chip":0,"Oddly Smooth Stone":8,"Molten Egg 2":14,"The Courier":19,"Burning Blood":0,"Mercury Hourglass":5,"Meat on the Bone":5,"Runic Pyramid":10},{"OrangePellets":67,"Torii":29,"Gambling Chip":0,"Oddly Smooth Stone":44,"Molten Egg 2":94,"The Courier":139,"Burning Blood":0,"Mercury Hourglass":21,"Meat on the Bone":21,"Runic Pyramid":63}],"Burning Blood":109,"Mercury Hourglass":[472],"Meat on the Bone":144},"card_choices":[{"not_picked":["Evolve","Twin Strike"],"picked":"Dark Embrace","floor":1},{"not_picked":["Feel No Pain","Body Slam"],"picked":"Pummel","floor":2},{"not_picked":["Feel No Pain","Rampage"],"picked":"Metallicize","floor":3},{"not_picked":["Seeing Red","Armaments"],"picked":"Sword Boomerang","floor":5},{"not_picked":["Wild Strike","Entrench"],"picked":"Disarm","floor":7},{"not_picked":["Thunderclap","Searing Blow"],"picked":"Disarm","floor":10},{"not_picked":["Sword Boomerang","Wild Strike"],"picked":"Barricade","floor":11},{"not_picked":["Entrench","Warcry"],"picked":"Battle Trance","floor":12},{"not_picked":["Entrench","Ghostly Armor"],"picked":"Second Wind","floor":14},{"not_picked":["Offering","Fiend Fire"],"picked":"Immolate","floor":16},{"not_picked":["Heavy Blade","Twin Strike"],"picked":"Armaments","floor":18},{"not_picked":["Evolve","Thunderclap","Cleave"],"picked":"SKIP","floor":21},{"not_picked":["Dropkick","Twin Strike","Havoc"],"picked":"SKIP","floor":22},{"not_picked":["Sword Boomerang+1","Twin Strike+1"],"picked":"Immolate+1","floor":24},{"not_picked":["Shrug It Off","Clash+1"],"picked":"Uppercut+1","floor":25},{"not_picked":["Whirlwind+1","Twin Strike+1"],"picked":"Battle Trance","floor":28},{"not_picked":["Havoc","Rampage+1"],"picked":"Shockwave","floor":29},{"not_picked":["Cleave+1","Twin Strike+1","Clash+1"],"picked":"SKIP","floor":30},{"not_picked":["Pommel Strike+1","Limit Break"],"picked":"Rage","floor":31}],"player_experience":124538,"relics_obtained":[{"floor":7,"key":"Mercury Hourglass"},{"floor":9,"key":"Meat on the Bone"},{"floor":10,"key":"Torii"},{"floor":12,"key":"Oddly Smooth Stone"},{"floor":24,"key":"Molten Egg 2"},{"floor":31,"key":"The Courier"}],"event_choices":[{"cards_removed":["Strike_R"],"damage_healed":0,"gold_gain":0,"player_choice":"Forget","damage_taken":0,"max_hp_gain":0,"max_hp_loss":0,"event_name":"Living Wall","floor":8,"gold_loss":0},{"damage_healed":0,"gold_gain":90,"player_choice":"GOLD ","damage_taken":12,"max_hp_gain":0,"max_hp_loss":0,"event_name":"Knowing Skull","floor":20,"potions_obtained":[],"gold_loss":0,"cards_obtained":[]}],"is_beta":false,"boss_relics":[{"not_picked":["Tiny House","Black Star"],"picked":"Runic Pyramid"}],"items_purged_floors":[4],"is_endless":false,"potions_floor_spawned":[2,10,11,14,21,24,25,29,30],"killed_by":"Collector","ascension_level":20,"potion_discard_per_floor":[[],[],[],[],[],[],[],[],[],[],[],[],[],[],[],[],[],[],[],[],[],[],[],[],[],[],[],[],[],["Dexterity Potion"],[],[],[]]}