{"neow_bonuses_skipped_log":["REMOVE_CARD","RANDOM_COMMON_RELIC","BOSS_RELIC"],"neow_costs_skipped_log":["NONE","NONE","NONE"],"potions_obtained_entropic_brew":[[],[],[],[],[],[],[],[],[],[],[],[],[],[],[],[],[],[],[],[],[],[],[],[],[],[],[],[],[],[],[],[],[],[],[],[],[],[],[],[],[],[],[],[],[],[],[],[],[],[],[],[],[],[],[],[]],"gold_per_floor":[360,379,398,45,45,73,86,86,86,118,138,138,49,75,75,149,149,161,161,86,86,98,129,139,169,169,187,187,221,246,258,258,332,332,352,352,32,307,326,326,340,372,396,207,226,25,25,60,60,60,60,60,60,16,43,43],"floor_reached":56,"playtime":5440,"items_purged":["Strike_R"],"score":1941,"play_id":"b2896f89-6fe9-44b1-8984-d6794babeb41","local_time":"20240314001357","score_breakdown":["Floors Climbed (56): 280","Enemies Slain (14): 28","Exordium Elites Killed (3): 30","City Elites Killed (3): 60","Beyond Elites Killed (2): 60","Bosses Slain (4): 500","Money Money (1341): 25","Ascension (20): 958"],"is_ascension_mode":true,"potions_obtained_alchemize":[[],[],[],[],[],[],[],[],[],[],[],[],[],[],[],[],[],[],[],[],[],[],[],[],[],[],[],[],[],[],[],[],[],[],[],[],[],[],[],[],[],[],[],[],[],[],[],[],[],[],[],[],[],[],[],[]],"campfire_choices":[{"data":"Uppercut","floor":8.0,"key":"SMITH"},{"data":"Dark Embrace","floor":12.0,"key":"SMITH"},{"data":"True Grit","floor":15.0,"key":"SMITH"},{"data":"Immolate","floor":28.0,"key":"SMITH"},{"data":"Limit Break","floor":32.0,"key":"SMITH"},{"floor":40.0,"key":"RECALL"},{"data":"Brutality","floor":47.0,"key":"SMITH"},{"data":"Disarm","floor":49.0,"key":"SMITH"},{"data":"Shockwave","floor":53.0,"key":"SMITH"}],"lesson_learned_per_floor":[[],[],[],[],[],[],[],[],[],[],[],[],[],[],[],[],[],[],[],[],[],[],[],[],[],[],[],[],[],[],[],[],[],[],[],[],[],[],[],[],[],[],[],[],[],[],[],[],[],[],[],[],[],[],[],[]],"neow_cost":"TEN_PERCENT_HP_LOSS","improvable_cards":{},"seed_source_timestamp":75638252836541,"shop_contents":[{"floor":4,"relics":["Meat on the Bone","Lee\u0027s Waffle"],"cards":["Clothesline","Warcry","Flex","Madness","Master of Strategy"],"potions":["Regen Potion","Dexterity Potion"]},{"floor":13,"relics":["Paper Frog","Du-Vu Doll","OrangePellets"],"cards":["Hemokinesis","Thunderclap","Havoc","Evolve","Flash of Steel","Apotheosis"],"potions":["Block Potion","Block Potion","SpeedPotion"]},{"floor":37,"relics":["Prayer Wheel","Ancient Tea Set","Chemical X"],"cards":["Clash","Body Slam","Armaments","Flex","Combust","Good Instincts","HandOfGreed"],"potions":["Fire Potion","SpeedPotion","AttackPotion"]},{"floor":44,"relics":["Question Card","Whetstone","Anchor"],"cards":["Clothesline","Perfected Strike","True Grit","Flex","Inflame","Bandage Up","Sadistic Nature"],"potions":["DistilledChaos","FearPotion","GamblersBrew"]},{"floor":46,"relics":["Calipers","PreservedInsect","FossilizedHelix"],"cards":["Clash","Fiend Fire","Warcry","Flex","Evolve","Deep Breath","Mayhem"],"potions":["Dexterity Potion","Ancient Potion","Explosive Potion"]},{"floor":54,"relics":["Letter Opener","Toy Ornithopter","TheAbacus"],"cards":["Immolate","Sever Soul","Flex","Intimidate","Fire Breathing","Discovery","Master of Strategy"],"potions":["ColorlessPotion","Weak Potion","LiquidBronze"]}],"circlet_count":0,"master_deck":["AscendersBane","Strike_R","Strike_R","Strike_R","Defend_R","Defend_R","Defend_R","Defend_R","Bash","Shrug It Off","Uppercut+1","Pommel Strike","Dark Embrace+1","Cleave","Impervious","Anger","True Grit+1","Sentinel","Disarm+1","Exhume","Immolate+1","Shockwave+1","Shrug It Off+1","Battle Trance+1","Limit Break+1","Fiend Fire","Warcry+1","Feel No Pain+1","Brutality+1","Sword Boomerang"],"special_seed":0,"potion_use_per_floor":[[],[],[],[],[],["PowerPotion","DistilledChaos"],[],[],[],[],[],[],[],[],[],[],[],[],[],[],[],[],[],[],["DuplicationPotion"],[],[],[],["DuplicationPotion"],[],[],[],["Strength Potion"],[],[],[],[],[],["AttackPotion"],[],[],["Swift Potion","Fire Potion"],[],[],[],[],[],[],[],[],[],[],[],[],["ColorlessPotion","FairyPotion"],[]],"relics":["Burning Blood","Lantern","Incense Burner","StoneCalendar","Omamori","Charon\u0027s Ashes","Coffee Dripper","Red Skull","Regal Pillow","The Courier","Self Forming Clay","TungstenRod","Red Mask","SacredBark","Vajra","Pantograph","MealTicket","Cauldron","Brimstone","Bird Faced Urn","Unceasing Top"],"potions_floor_usage":[],"damage_taken":[{"damage":9.0,"enemies":"Jaw Worm","floor":1.0,"turns":4.0},{"damage":1.0,"enemies":"Cultist","floor":2.0,"turns":4.0},{"damage":1.0,"enemies":"Small Slimes","floor":3.0,"turns":3.0},{"damage":8.0,"enemies":"Gremlin Nob","floor":6.0,"turns":3.0},{"damage":6.0,"enemies":"Looter","floor":7.0,"turns":4.0},{"damage":19.0,"enemies":"Lagavulin","floor":10.0,"turns":6.0},{"damage":10.0,"enemies":"Gremlin Gang","floor":11.0,"turns":5.0},{"damage":7.0,"enemies":"Gremlin Nob","floor":14.0,"turns":4.0},{"damage":15.0,"enemies":"Slime Boss","floor":16.0,"turns":7.0},{"damage":16.0,"enemies":"3 Byrds","floor":18.0,"turns":7.0},{"damage":1.0,"enemies":"2 Thieves","floor":22.0,"turns":5.0},{"damage":2.0,"enemies":"Gremlin Leader","floor":23.0,"turns":7.0},{"damage":7.0,"enemies":"Snake Plant","floor":24.0,"turns":7.0},{"damage":20.0,"enemies":"Book of Stabbing","floor":25.0,"turns":7.0},{"damage":5.0,"enemies":"Cultist and Chosen","floor":27.0,"turns":7.0},{"damage":13.0,"enemies":"Slavers","floor":29.0,"turns":4.0},{"damage":0.0,"enemies":"Masked Bandits","floor":30.0,"turns":3.0},{"damage":20.0,"enemies":"Sentry and Sphere","floor":31.0,"turns":5.0},{"damage":29.0,"enemies":"Automaton","floor":33.0,"turns":9.0},{"damage":0.0,"enemies":"3 Shapes","floor":35.0,"turns":4.0},{"damage":0.0,"enemies":"3 Darklings","floor":39.0,"turns":3.0},{"damage":14.0,"enemies":"Jaw Worm Horde","floor":41.0,"turns":6.0},{"damage":10.0,"enemies":"Nemesis","floor":42.0,"turns":12.0},{"damage":0.0,"enemies":"Spire Growth","floor":45.0,"turns":6.0},{"damage":19.0,"enemies":"Giant Head","floor":48.0,"turns":6.0},{"damage":22.0,"enemies":"Time Eater","floor":50.0,"turns":7.0},{"damage":68.0,"enemies":"Donu and Deca","floor":51.0,"turns":9.0},{"damage":91.0,"enemies":"Shield and Spear","floor":55.0,"turns":8.0},{"damage":64,"enemies":"The Heart","floor":56,"turns":6}],"green_key_taken_log":14,"seed_played":"-8301217113848890834","neow_bonus_log":{"cardsObtained":[],"cardsUpgraded":[],"cardsRemoved":[],"cardsTransformed":[],"relicsObtained":[],"maxHpGained":0,"goldGained":250,"damageTaken":0,"goldLost":0,"maxHpLost":7},"potions_obtained":[{"floor":1.0,"key":"DistilledChaos"},{"floor":6.0,"key":"Ancient Potion"},{"floor":11.0,"key":"SpeedPotion"},{"floor":14.0,"key":"Energy Potion"},{"floor":16.0,"key":"DuplicationPotion"},{"floor":18.0,"key":"DuplicationPotion"},{"floor":27.0,"key":"Strength Potion"},{"floor":30.0,"key":"AttackPotion"},{"floor":39.0,"key":"Fire Potion"},{"floor":41.0,"key":"Swift Potion"},{"floor":44.0,"key":"FairyPotion"},{"floor":44.0,"key":"Explosive Potion"}],"is_trial":false,"path_per_floor":["M","M","M","$","?","E","M","R","T","E","M","R","$","E","R","B",null,"M","?","?","?","M","E","M","E","T","M","R","E","?","M","R","B",null,"M","?","$","?","M","R","M","E","T","$","M","$","R","E","R","B","B",null,"R","$","E","B"],"character_chosen":"IRONCLAD","basemod:card_modifiers":[null,null,null,null,null,null,null,null,null,null,null,null,null,null,null,null,null,null,null,null,null,null,null,null,null,null,null,null,null,null],"items_purchased":["Dark Embrace","Cleave","Lantern","PowerPotion","Disarm","Vajra","Pantograph","Cauldron","Brutality","Brimstone","ColorlessPotion"],"campfire_rested":0,"item_purchase_floors":[4,4,4,4,13,37,37,44,46,46,54],"current_hp_per_floor":[65,68,68,68,73,71,71,71,71,58,54,54,54,53,53,44,66,56,56,56,56,61,65,64,50,50,51,51,44,50,36,36,13,58,64,64,64,64,69,69,61,57,57,69,69,69,69,56,56,53,7,54,54,69,33,0],"gold":43,"neow_bonus":"TWO_FIFTY_GOLD","is_prod":false,"is_daily":false,"rewards_skipped":[{"floor":24,"relics":[],"potions":["Weak Potion"]},{"floor":44,"relics":[],"potions":["SmokeBomb","BlessingOfTheForge","SkillPotion"]}],"chose_seed":false,"campfire_upgraded":8,"win_rate":0,"floor_exit_playtime":[70,122,169,208,214,281,355,469,479,557,648,684,706,790,796,991,1053,1208,1216,1229,1320,1498,1701,1912,2055,2059,2232,2238,2362,2461,2600,2606,2861,3017,3141,3191,3233,3254,3364,3369,3527,3758,3761,3857,4084,4136,4154,4362,4373,4547,4785,4798,4810,4864,5175],"timestamp":1710389637,"blue_key_relic_skipped_log":{"floor":43,"relicID":"Akabeko"},"path_taken":["M","M","M","$","?","E","M","R","T","E","M","R","?","E","R","BOSS","M","?","?","?","M","E","M","E","T","?","R","E","?","M","R","BOSS","M","?","$","?","M","R","M","E","T","$","?","?","R","E","R","BOSS","BOSS","R","$","E","BOSS"],"build_version":"2022-12-01","purchased_purges":1,"victory":false,"max_hp_per_floor":[68,68,68,68,73,73,73,73,73,73,73,73,73,73,73,73,73,73,73,73,73,73,73,73,73,73,73,73,73,73,73,73,73,73,73,69,69,69,69,69,69,69,69,69,69,69,69,69,69,69,69,69,69,69,69,69],"relic_stats":{"Regal Pillow":0,"counters":[29,168],"Self Forming Clay":[174],"StoneCalendar":[420],"Charon\u0027s Ashes":[667],"The Courier":188,"Omamori":2,"Burning Blood":154,"Cauldron":2,"Pantograph":54,"Bird Faced Urn":[10],"MealTicket":27,"obtain_stats":[{"Lantern":4,"Regal Pillow":23,"Self Forming Clay":26,"SacredBark":34,"Vajra":37,"StoneCalendar":9,"Charon\u0027s Ashes":14,"The Courier":25,"Incense Burner":6,"Omamori":10,"Burning Blood":0,"Cauldron":44,"Brimstone":46,"Pantograph":37,"Bird Faced Urn":48,"MealTicket":42,"Coffee Dripper":17,"Red Mask":30,"Red Skull":19,"TungstenRod":29,"Unceasing Top":55},{"Lantern":3,"Regal Pillow":12,"Self Forming Clay":14,"SacredBark":19,"Vajra":20,"StoneCalendar":5,"Charon\u0027s Ashes":8,"The Courier":14,"Incense Burner":4,"Omamori":6,"Burning Blood":0,"Cauldron":23,"Brimstone":24,"Pantograph":20,"Bird Faced Urn":25,"MealTicket":23,"Coffee Dripper":9,"Red Mask":17,"Red Skull":10,"TungstenRod":16,"Unceasing Top":28},{"Lantern":11,"Regal Pillow":59,"Self Forming Clay":73,"SacredBark":101,"Vajra":105,"StoneCalendar":18,"Charon\u0027s Ashes":33,"The Courier":73,"Incense Burner":14,"Omamori":24,"Burning Blood":0,"Cauldron":126,"Brimstone":132,"Pantograph":105,"Bird Faced Urn":138,"MealTicket":126,"Coffee Dripper":40,"Red Mask":87,"Red Skull":47,"TungstenRod":84,"Unceasing Top":162}],"TungstenRod":104,"Unceasing Top":[1]},"card_choices":[{"not_picked":["Sentinel","Heavy Blade"],"picked":"Shrug It Off","floor":1.0},{"not_picked":["Shrug It Off","Clothesline"],"picked":"Uppercut","floor":2.0},{"not_picked":["Heavy Blade","Headbutt"],"picked":"Pommel Strike","floor":3.0},{"not_picked":["Sever Soul","Headbutt"],"picked":"Impervious","floor":6.0},{"not_picked":["Thunderclap","Havoc"],"picked":"Anger","floor":7.0},{"not_picked":["Perfected Strike","Dropkick"],"picked":"True Grit","floor":10.0},{"not_picked":["Warcry","Perfected Strike"],"picked":"Sentinel","floor":11.0},{"not_picked":["Whirlwind","Burning Pact"],"picked":"Exhume","floor":14.0},{"not_picked":["Demon Form","Barricade"],"picked":"Immolate","floor":16.0},{"not_picked":["Bloodletting","Wild Strike","Heavy Blade"],"picked":"SKIP","floor":18.0},{"not_picked":["Flex","Fire Breathing","Dual Wield","Blood for Blood","Evolve","Headbutt","Havoc","Pommel Strike","Inflame","Thunderclap","Sword Boomerang","Wild Strike","Perfected Strike","Dropkick","Shrug It Off","Warcry","Clothesline","Armaments","Twin Strike"],"picked":"Shockwave","floor":21.0},{"not_picked":["Armaments","Cleave"],"picked":"Shrug It Off+1","floor":22.0},{"not_picked":["Brutality","Flame Barrier"],"picked":"Battle Trance+1","floor":23.0},{"not_picked":["Perfected Strike","Heavy Blade","Body Slam"],"picked":"SKIP","floor":24.0},{"not_picked":["Shrug It Off","Whirlwind","Sentinel"],"picked":"SKIP","floor":25.0},{"not_picked":["Entrench","Rupture","Sentinel"],"picked":"SKIP","floor":27.0},{"not_picked":["Entrench","Rupture","Sentinel"],"picked":"SKIP","floor":27.0},{"not_picked":["Headbutt","Dual Wield"],"picked":"Limit Break","floor":29.0},{"not_picked":["Twin Strike","Seeing Red","Cleave"],"picked":"SKIP","floor":30.0},{"not_picked":["Clothesline","Perfected Strike+1","Armaments"],"picked":"SKIP","floor":31.0},{"not_picked":["Exhume","Juggernaut"],"picked":"Fiend Fire","floor":33.0},{"not_picked":["True Grit","Hemokinesis","Reckless Charge+1"],"picked":"SKIP","floor":35.0},{"not_picked":["Anger","Body Slam"],"picked":"Warcry+1","floor":39.0},{"not_picked":["Cleave+1","Pummel"],"picked":"Feel No Pain+1","floor":41.0},{"not_picked":["Heavy Blade","Infernal Blade","Iron Wave+1"],"picked":"SKIP","floor":42.0},{"not_picked":["Flex+1","Body Slam","True Grit"],"picked":"SKIP","floor":45.0},{"not_picked":["Bludgeon","Shockwave+1","Pommel Strike"],"picked":"SKIP","floor":48.0},{"not_picked":["Limit Break","Heavy Blade"],"picked":"Sword Boomerang","floor":55.0}],"player_experience":192507,"relics_obtained":[{"floor":6.0,"key":"Incense Burner"},{"floor":9.0,"key":"StoneCalendar"},{"floor":10.0,"key":"Omamori"},{"floor":14.0,"key":"Charon\u0027s Ashes"},{"floor":23.0,"key":"Regal Pillow"},{"floor":25.0,"key":"The Courier"},{"floor":26.0,"key":"Self Forming Clay"},{"floor":29.0,"key":"TungstenRod"},{"floor":30.0,"key":"Red Mask"},{"floor":42.0,"key":"MealTicket"},{"floor":48.0,"key":"Bird Faced Urn"},{"floor":55.0,"key":"Unceasing Top"}],"event_choices":[{"damage_healed":0.0,"max_hp_gain":5.0,"max_hp_loss":0.0,"gold_gain":0.0,"event_name":"Big Fish","player_choice":"Donut","floor":5.0,"gold_loss":0.0,"damage_taken":0.0},{"damage_healed":0.0,"max_hp_gain":0.0,"max_hp_loss":0.0,"gold_gain":0.0,"event_name":"Addict","player_choice":"Stole Relic","floor":19.0,"gold_loss":0.0,"damage_taken":0.0,"relics_obtained":["Red Skull"],"cards_obtained":["Shame"]},{"cards_removed":["Strike_R"],"damage_healed":0.0,"max_hp_gain":0.0,"max_hp_loss":0.0,"gold_gain":0.0,"event_name":"Beggar","player_choice":"Gave Gold","floor":20.0,"gold_loss":75.0,"damage_taken":0.0},{"damage_healed":0.0,"max_hp_gain":0.0,"max_hp_loss":0.0,"gold_gain":0.0,"event_name":"The Library","player_choice":"Read","floor":21.0,"gold_loss":0.0,"damage_taken":0.0,"cards_obtained":["Shockwave"]},{"damage_healed":0.0,"max_hp_gain":0.0,"max_hp_loss":0.0,"gold_gain":0.0,"event_name":"Masked Bandits","player_choice":"Fought Bandits","floor":30.0,"gold_loss":0.0,"damage_taken":0.0},{"damage_healed":0.0,"max_hp_gain":0.0,"max_hp_loss":4.0,"gold_gain":0.0,"event_name":"Winding Halls","player_choice":"Max HP","floor":36.0,"gold_loss":0.0,"damage_taken":0.0},{"damage_healed":0.0,"max_hp_gain":0.0,"max_hp_loss":0.0,"gold_gain":275.0,"event_name":"Golden Shrine","player_choice":"Desecrate","floor":38.0,"gold_loss":0.0,"damage_taken":0.0,"cards_obtained":["Regret"]}],"is_beta":false,"boss_relics":[{"not_picked":["Sozu","Ectoplasm"],"picked":"Coffee Dripper"},{"not_picked":["Fusion Hammer","Mark of Pain"],"picked":"SacredBark"}],"items_purged_floors":[44],"is_endless":false,"potions_floor_spawned":[1,6,11,14,16,18,24,27,30,39,41],"killed_by":"The Heart","ascension_level":20,"potion_discard_per_floor":[[],[],[],[],[],[],[],[],[],[],[],[],[],["SpeedPotion"],[],["Energy Potion"],[],["Ancient Potion"],[],[],[],[],[],[],[],[],[],[],[],[],[],[],[],[],[],[],[],[],[],[],[],[],[],[],[],[],[],[],[],[],[],[],[],["Explosive Potion"],[],[]]}