{"neow_bonuses_skipped_log":["THREE_ENEMY_KILL","TWENTY_PERCENT_HP_BONUS","BOSS_RELIC"],"potions_obtained_entropic_brew":[[],[],[],[],[],[],[],[],[],[],[],[],[],[],[],[],[],[],[],[],[],[],[],[],[],[],[],[],[],[],[],[],[],[],[],[],[],[],[],[]],"neow_costs_skipped_log":["NONE","PERCENT_DAMAGE","NONE"],"gold_per_floor":[112,112,130,5,16,16,41,41,41,60,89,89,104,122,122,195,195,211,244,92,108,108,140,140,140,140,154,167,167,167,193,193,269,269,284,309,321,55,100,100],"floor_reached":40,"playtime":3753,"items_purged":["Strike_R","Strike_R"],"score":968,"play_id":"5bce213c-a401-44c1-8cb5-1b438a0e7bfd","local_time":"20240313140727","score_breakdown":["Floors Climbed (40): 200","Enemies Slain (12): 24","Exordium Elites Killed (2): 20","City Elites Killed (2): 40","Beyond Elites Killed (0): 0","Bosses Slain (2): 150","Champion (1): 25","Overkill: 25","Ascension (20): 484"],"is_ascension_mode":true,"potions_obtained_alchemize":[[],[],[],[],[],[],[],[],[],[],[],[],[],[],[],[],[],[],[],[],[],[],[],[],[],[],[],[],[],[],[],[],[],[],[],[],[],[],[],[]],"campfire_choices":[{"data":"Combust","floor":6.0,"key":"SMITH"},{"data":"Blood for Blood","floor":8.0,"key":"SMITH"},{"data":"Immolate","floor":12.0,"key":"SMITH"},{"data":"Dark Embrace","floor":15.0,"key":"SMITH"},{"floor":25.0,"key":"REST"},{"data":"Heavy Blade","floor":29.0,"key":"SMITH"},{"data":"Demon Form","floor":32.0,"key":"SMITH"}],"lesson_learned_per_floor":[[],[],[],[],[],[],[],[],[],[],[],[],[],[],[],[],[],[],[],[],[],[],[],[],[],[],[],[],[],[],[],[],[],[],[],[],[],[],[],[]],"neow_cost":"NONE","improvable_cards":{},"seed_source_timestamp":0,"shop_contents":[{"floor":4,"relics":["Bird Faced Urn","Question Card","OrangePellets"],"cards":["Wild Strike","True Grit","Feel No Pain","Jack Of All Trades","Mayhem"],"potions":["Ancient Potion","SpeedPotion","ElixirPotion"]},{"floor":20,"relics":["Lizard Tail","Mercury Hourglass","Cauldron"],"cards":["Reaper","Flex","Shrug It Off","Combust","Discovery","The Bomb"],"potions":["Dexterity Potion","DistilledChaos","Ancient Potion"]},{"floor":38,"relics":["Eternal Feather","Regal Pillow"],"cards":["Whirlwind","Dropkick","Shrug It Off+1","Spot Weakness+1","Inflame","Mind Blast","Sadistic Nature"],"potions":["Explosive Potion","Swift Potion","Strength Potion"]}],"circlet_count":0,"master_deck":["AscendersBane","Strike_R+1","Strike_R","Strike_R","Defend_R","Defend_R","Defend_R","Defend_R","Bash","Carnage+1","Dark Embrace+1","Combust+1","Blood for Blood+1","Shockwave","Ghostly Armor","Immolate+1","Shrug It Off","Exhume","Dark Embrace","Burning Pact","Offering","Headbutt","Bludgeon+1","Demon Form+1","Heavy Blade+1","Shockwave+1","Limit Break+1","Sentinel+1","Flame Barrier+1"],"special_seed":0,"potion_use_per_floor":[[],[],[],[],[],[],["FearPotion"],[],[],[],[],[],[],[],[],[],[],[],[],[],[],[],["ElixirPotion","DuplicationPotion"],[],[],[],[],[],[],[],[],[],["Block Potion"],[],[],[],[],[],[],[]],"relics":["Burning Blood","WingedGreaves","CaptainsWheel","Snecko Eye","Red Mask","Nloth\u0027s Gift","Whetstone","Toxic Egg 2","Cursed Key","Du-Vu Doll","Frozen Eye","Torii"],"potions_floor_usage":[],"damage_taken":[{"damage":2.0,"enemies":"Cultist","floor":1.0,"turns":4.0},{"damage":6.0,"enemies":"2 Louse","floor":3.0,"turns":3.0},{"damage":4.0,"enemies":"Jaw Worm","floor":5.0,"turns":2.0},{"damage":8.0,"enemies":"Gremlin Nob","floor":7.0,"turns":3.0},{"damage":26.0,"enemies":"Large Slime","floor":10.0,"turns":5.0},{"damage":3.0,"enemies":"Lagavulin","floor":11.0,"turns":4.0},{"damage":0.0,"enemies":"3 Louse","floor":13.0,"turns":1.0},{"damage":2.0,"enemies":"Exordium Wildlife","floor":14.0,"turns":2.0},{"damage":23.0,"enemies":"Slime Boss","floor":16.0,"turns":9.0},{"damage":28.0,"enemies":"Shell Parasite","floor":18.0,"turns":3.0},{"damage":24.0,"enemies":"Masked Bandits","floor":19.0,"turns":3.0},{"damage":0.0,"enemies":"3 Byrds","floor":21.0,"turns":5.0},{"damage":22.0,"enemies":"Book of Stabbing","floor":23.0,"turns":3.0},{"damage":0.0,"enemies":"Snake Plant","floor":27.0,"turns":2.0},{"damage":0.0,"enemies":"Snecko","floor":28.0,"turns":2.0},{"damage":9.0,"enemies":"Slavers","floor":31.0,"turns":3.0},{"damage":12.0,"enemies":"Automaton","floor":33.0,"turns":6.0},{"damage":7.0,"enemies":"3 Shapes","floor":35.0,"turns":3.0},{"damage":0.0,"enemies":"Mind Bloom Boss Battle","floor":36.0,"turns":2.0},{"damage":0.0,"enemies":"3 Darklings","floor":37.0,"turns":2.0},{"damage":24.0,"enemies":"2 Orb Walkers","floor":39.0,"turns":4.0},{"damage":76,"enemies":"Giant Head","floor":40,"turns":5}],"seed_played":"-8946475583572207777","neow_bonus_log":{"cardsObtained":[],"cardsUpgraded":[],"cardsRemoved":[],"cardsTransformed":[],"relicsObtained":[],"maxHpGained":0,"goldGained":0,"damageTaken":0,"goldLost":0,"maxHpLost":0},"potions_obtained":[{"floor":3.0,"key":"FearPotion"},{"floor":11.0,"key":"ColorlessPotion"},{"floor":13.0,"key":"SneckoOil"},{"floor":14.0,"key":"DuplicationPotion"},{"floor":16.0,"key":"ElixirPotion"},{"floor":28.0,"key":"Block Potion"},{"floor":31.0,"key":"FearPotion"},{"floor":39.0,"key":"Weak Potion"}],"is_trial":false,"path_per_floor":["M","?","M","$","M","R","E","R","T","M","E","R","M","M","R","B",null,"M","?","$","M","?","E","?","R","T","M","M","R","?","E","R","B",null,"M","?","M","$","?","E"],"character_chosen":"IRONCLAD","basemod:card_modifiers":[null,null,null,null,null,null,null,null,null,null,null,null,null,null,null,null,null,null,null,null,null,null,null,null,null,null,null,null,null],"items_purchased":["Blood for Blood","Shockwave","Bludgeon","Frozen Eye"],"campfire_rested":1,"item_purchase_floors":[4,4,20,38],"current_hp_per_floor":[72,72,72,72,74,74,72,72,72,52,55,55,61,65,65,48,68,46,28,28,34,34,18,18,40,40,46,52,52,52,49,49,43,67,66,72,75,75,57,0],"gold":100,"neow_bonus":"THREE_CARDS","is_prod":false,"is_daily":false,"rewards_skipped":[],"chose_seed":false,"campfire_upgraded":6,"win_rate":0,"floor_exit_playtime":[150,162,192,234,278,345,489,513,523,604,687,702,715,749,765,934,1251,1437,1547,1600,1717,1773,1931,1981,1989,1999,2057,2101,2109,2126,2218,2232,2400,2609,2732,2800,2885,2973,3404],"timestamp":1710353247,"blue_key_relic_skipped_log":{"floor":26,"relicID":"Kunai"},"path_taken":["M","?","M","$","M","R","E","R","T","M","E","R","M","M","R","BOSS","M","?","$","M","?","E","?","R","T","M","M","R","?","E","R","BOSS","M","?","M","$","?","E"],"build_version":"2022-12-01","purchased_purges":2,"victory":false,"max_hp_per_floor":[75,75,75,75,75,75,75,75,75,75,75,75,75,75,75,75,75,75,75,75,75,75,75,75,75,75,75,75,75,75,75,75,75,75,75,75,75,75,75,75],"relic_stats":{"Frozen Eye":176.33763,"Torii":0,"counters":[22,76],"Snecko Eye":[87,90,92,75,-19],"WingedGreaves":1,"Nloth\u0027s Gift":3,"Whetstone":["Bludgeon","Strike_R"],"Cursed Key":0,"obtain_stats":[{"Torii":39,"Whetstone":23,"Cursed Key":34,"Burning Blood":0,"Du-Vu Doll":36,"Frozen Eye":38,"CaptainsWheel":9,"Shovel":11,"Snecko Eye":17,"WingedGreaves":7,"Red Mask":19,"Nloth\u0027s Gift":22,"Toxic Egg 2":31},{"Torii":21,"Whetstone":13,"Cursed Key":17,"Burning Blood":0,"Du-Vu Doll":19,"Frozen Eye":20,"CaptainsWheel":4,"Shovel":6,"Snecko Eye":9,"WingedGreaves":4,"Red Mask":11,"Nloth\u0027s Gift":12,"Toxic Egg 2":16},{"Torii":71,"Whetstone":47,"Cursed Key":60,"Burning Blood":0,"Du-Vu Doll":65,"Frozen Eye":67,"CaptainsWheel":12,"Shovel":21,"Snecko Eye":33,"WingedGreaves":12,"Red Mask":39,"Nloth\u0027s Gift":44,"Toxic Egg 2":54}],"Burning Blood":123},"card_choices":[{"not_picked":["Disarm","Warcry"],"picked":"Carnage","floor":0.0},{"not_picked":["Clothesline","Twin Strike"],"picked":"Dark Embrace","floor":1.0},{"not_picked":["Pummel","Entrench"],"picked":"Combust","floor":3.0},{"not_picked":["Fire Breathing","Flex"],"picked":"Ghostly Armor","floor":5.0},{"not_picked":["Bloodletting","Thunderclap"],"picked":"Immolate","floor":7.0},{"not_picked":["Clothesline","Armaments"],"picked":"Shrug It Off","floor":10.0},{"not_picked":["Reckless Charge","Twin Strike"],"picked":"Exhume","floor":11.0},{"not_picked":["Carnage","Shrug It Off"],"picked":"Dark Embrace","floor":13.0},{"not_picked":["Seeing Red","Intimidate"],"picked":"Burning Pact","floor":14.0},{"not_picked":["Exhume","Berserk"],"picked":"Offering","floor":16.0},{"not_picked":["Metallicize","Pommel Strike"],"picked":"Headbutt","floor":18.0},{"not_picked":["Iron Wave","Pommel Strike","Warcry+1"],"picked":"SKIP","floor":19.0},{"not_picked":["Wild Strike","Pummel","True Grit"],"picked":"SKIP","floor":21.0},{"not_picked":["Inflame","Fire Breathing"],"picked":"Demon Form","floor":23.0},{"not_picked":["Juggernaut","Battle Trance"],"picked":"Heavy Blade","floor":27.0},{"not_picked":["Evolve","Uppercut","Heavy Blade"],"picked":"SKIP","floor":28.0},{"not_picked":["Metallicize","Cleave"],"picked":"Shockwave+1","floor":31.0},{"not_picked":["Berserk","Offering+1"],"picked":"Limit Break+1","floor":33.0},{"not_picked":["Feed","Iron Wave"],"picked":"Sentinel+1","floor":35.0},{"not_picked":["Clothesline","Rage+1","Fire Breathing"],"picked":"SKIP","floor":36.0},{"not_picked":["Thunderclap","Heavy Blade"],"picked":"Flame Barrier+1","floor":37.0},{"not_picked":["Rupture","Havoc+1","Reckless Charge"],"picked":"SKIP","floor":39.0}],"player_experience":185822,"relics_obtained":[{"floor":7.0,"key":"WingedGreaves"},{"floor":9.0,"key":"CaptainsWheel"},{"floor":11.0,"key":"Shovel"},{"floor":19.0,"key":"Red Mask"},{"floor":23.0,"key":"Whetstone"},{"floor":31.0,"key":"Toxic Egg 2"},{"floor":36.0,"key":"Du-Vu Doll"},{"floor":39.0,"key":"Torii"}],"event_choices":[{"damage_healed":0.0,"max_hp_gain":0.0,"max_hp_loss":0.0,"gold_gain":0.0,"event_name":"Upgrade Shrine","player_choice":"Upgraded","floor":2.0,"gold_loss":0.0,"damage_taken":0.0,"cards_upgraded":["Carnage"]},{"damage_healed":0.0,"max_hp_gain":0.0,"max_hp_loss":0.0,"gold_gain":0.0,"event_name":"Masked Bandits","player_choice":"Fought Bandits","floor":19.0,"gold_loss":0.0,"damage_taken":0.0},{"damage_healed":0.0,"max_hp_gain":0.0,"max_hp_loss":0.0,"gold_gain":0.0,"event_name":"N\u0027loth","player_choice":"Traded Relic","floor":22.0,"relics_lost":["Shovel"],"gold_loss":0.0,"damage_taken":0.0,"relics_obtained":["Nloth\u0027s Gift"]},{"damage_healed":0.0,"max_hp_gain":0.0,"max_hp_loss":0.0,"gold_gain":0.0,"event_name":"Cursed Tome","player_choice":"Ignored","floor":24.0,"gold_loss":0.0,"damage_taken":0.0},{"damage_healed":0.0,"max_hp_gain":0.0,"max_hp_loss":0.0,"gold_gain":0.0,"event_name":"The Mausoleum","player_choice":"Ignored","floor":30.0,"gold_loss":0.0,"damage_taken":0.0},{"damage_healed":0.0,"max_hp_gain":0.0,"max_hp_loss":0.0,"gold_gain":0.0,"event_name":"MindBloom","player_choice":"Fight","floor":36.0,"gold_loss":0.0,"damage_taken":0.0},{"damage_healed":0.0,"max_hp_gain":0.0,"max_hp_loss":0.0,"gold_gain":0.0,"event_name":"Mysterious Sphere","player_choice":"Fight","floor":39.0,"gold_loss":0.0,"damage_taken":0.0}],"is_beta":false,"boss_relics":[{"not_picked":["Empty Cage","Astrolabe"],"picked":"Snecko Eye"},{"not_picked":["Fusion Hammer","Runic Cube"],"picked":"Cursed Key"}],"items_purged_floors":[20,38],"is_endless":false,"potions_floor_spawned":[3,11,13,14,16,28,31,39],"killed_by":"Giant Head","ascension_level":20,"potion_discard_per_floor":[[],[],[],[],[],[],[],[],[],[],[],[],[],["SneckoOil"],[],["ColorlessPotion"],[],[],[],[],[],[],[],[],[],[],[],[],[],[],[],[],[],[],[],[],[],[],[],[]]}