{"neow_bonuses_skipped_log":["TRANSFORM_CARD","THREE_ENEMY_KILL","BOSS_RELIC"],"potions_obtained_entropic_brew":[[],[],[],[],[],[],[],[],[],[],[],[],[],[],[],[],[],[],[],[],[],[],[]],"neow_costs_skipped_log":["NONE","NONE","NONE"],"gold_per_floor":[118,4,17,36,36,36,64,64,64,84,44,72,89,115,115,189,189,203,128,43,57,0,0],"floor_reached":23,"playtime":1759,"items_purged":[],"score":418,"play_id":"b82f7fad-39bc-4669-8744-546d8a58dda4","local_time":"20240316152247","score_breakdown":["Floors Climbed (23): 115","Enemies Slain (7): 14","Exordium Elites Killed (3): 30","City Elites Killed (0): 0","Bosses Slain (1): 50","Ascension (20): 209"],"is_ascension_mode":true,"potions_obtained_alchemize":[[],[],[],[],[],[],[],[],[],[],[],[],[],[],[],[],[],[],[],[],[],[],[]],"campfire_choices":[{"floor":6,"key":"REST"},{"data":"Bash","floor":8,"key":"SMITH"},{"data":"Whirlwind","floor":15,"key":"SMITH"}],"lesson_learned_per_floor":[[],[],[],[],[],[],[],[],[],[],[],[],[],[],[],[],[],[],[],[],[],[],[]],"neow_cost":"PERCENT_DAMAGE","improvable_cards":{},"seed_source_timestamp":97852208977458,"shop_contents":[{"floor":2,"relics":["Matryoshka","Self Forming Clay","Lee\u0027s Waffle"],"cards":["Headbutt","Sword Boomerang","Shrug It Off","Dark Shackles","HandOfGreed"],"potions":["Block Potion","Strength Potion","FearPotion"]},{"floor":22,"relics":["HornCleat","Pen Nib","PrismaticShard"],"cards":["Pommel Strike","Dropkick","Warcry","Shrug It Off","Inflame","Panacea","HandOfGreed"],"potions":["DistilledChaos","Explosive Potion"]}],"circlet_count":0,"master_deck":["AscendersBane","Bash+1","Corruption+1","Headbutt","Feel No Pain","True Grit","Bloodletting","Combust","Whirlwind+1","Power Through","Sever Soul","Juggernaut","Immolate","Feed","Brutality","Rupture","Flex","Fire Breathing","Fiend Fire","Juggernaut","Dark Embrace","Intimidate+1"],"potion_use_per_floor":[[],[],[],[],[],[],["AttackPotion"],[],[],[],[],["Ancient Potion"],[],["BloodPotion"],[],["ColorlessPotion"],[],[],[],[],[],[],["Explosive Potion","SteroidPotion"]],"relics":["Burning Blood","Lizard Tail","Bag of Preparation","Gremlin Horn","Pandora\u0027s Box","Nunchaku"],"potions_floor_usage":[7,12,14,16,23,23],"damage_taken":[{"damage":0,"enemies":"2 Louse","floor":1,"turns":4},{"damage":7,"enemies":"Small Slimes","floor":3,"turns":5},{"damage":9,"enemies":"Cultist","floor":4,"turns":4},{"damage":10,"enemies":"3 Sentries","floor":7,"turns":5},{"damage":26,"enemies":"Lots of Slimes","floor":10,"turns":7},{"damage":11,"enemies":"Looter","floor":11,"turns":4},{"damage":27,"enemies":"Gremlin Nob","floor":12,"turns":5},{"damage":9,"enemies":"3 Louse","floor":13,"turns":2},{"damage":15,"enemies":"3 Sentries","floor":14,"turns":6},{"damage":20,"enemies":"Slime Boss","floor":16,"turns":7},{"damage":21,"enemies":"Spheric Guardian","floor":18,"turns":5},{"damage":50,"enemies":"Chosen","floor":21,"turns":4},{"damage":17,"enemies":"Shelled Parasite and Fungi","floor":23,"turns":3}],"seed_played":"4200854354561890483","neow_bonus_log":{"cardsObtained":[],"cardsUpgraded":[],"cardsRemoved":[],"cardsTransformed":[],"relicsObtained":[],"maxHpGained":0,"goldGained":0,"damageTaken":18,"goldLost":0,"maxHpLost":0},"potions_obtained":[{"floor":3,"key":"AttackPotion"},{"floor":7,"key":"Ancient Potion"},{"floor":12,"key":"Explosive Potion"},{"floor":13,"key":"BloodPotion"},{"floor":14,"key":"ColorlessPotion"}],"is_trial":false,"path_per_floor":["M","$","M","M","?","R","E","R","T","M","M","E","M","E","R","B",null,"M","?","?","M","$","M"],"character_chosen":"IRONCLAD","basemod:card_modifiers":[null,null,null,null,null,null,null,null,null,null,null,null,null,null,null,null,null,null,null,null,null,null],"items_purchased":["Feel No Pain","True Grit","SteroidPotion"],"campfire_rested":1,"item_purchase_floors":[2,2,22],"current_hp_per_floor":[56,56,55,52,29,51,47,47,47,27,22,41,38,44,44,30,64,52,52,52,8,8,0],"gold":0,"neow_bonus":"THREE_RARE_CARDS","is_prod":false,"is_daily":false,"rewards_skipped":[],"chose_seed":false,"campfire_upgraded":2,"win_rate":0,"floor_exit_playtime":[215,235,365,486,491,495,598,607,628,793,882,971,1008,1123,1132,1263,1341,1468,1476,1488,1627,1640],"timestamp":1710616967,"blue_key_relic_skipped_log":{"floor":9,"relicID":"Bottled Lightning"},"path_taken":["M","$","M","M","?","R","E","R","T","M","M","E","M","E","R","BOSS","M","?","?","M","$","M"],"build_version":"2022-12-01","purchased_purges":0,"victory":false,"max_hp_per_floor":[75,75,75,75,75,75,75,75,75,75,75,75,75,75,75,75,75,78,78,78,78,78,81],"relic_stats":{"Lizard Tail":37,"Nunchaku":[0],"Gremlin Horn":[3,3],"counters":[13,61],"Pandora\u0027s Box":["Immolate","Perfected Strike","Feed","Brutality","Rupture","Flex","Fire Breathing","Fiend Fire","Juggernaut"],"Bag of Preparation":[12],"obtain_stats":[{"Lizard Tail":7,"Nunchaku":20,"Gremlin Horn":14,"Pandora\u0027s Box":17,"Bag of Preparation":12,"Burning Blood":0},{"Lizard Tail":4,"Nunchaku":11,"Gremlin Horn":9,"Pandora\u0027s Box":10,"Bag of Preparation":7,"Burning Blood":0},{"Lizard Tail":18,"Nunchaku":54,"Gremlin Horn":42,"Pandora\u0027s Box":49,"Bag of Preparation":34,"Burning Blood":0}],"Burning Blood":72},"card_choices":[{"not_picked":["Juggernaut","Berserk"],"picked":"Corruption","floor":0},{"not_picked":["Armaments","Iron Wave"],"picked":"Headbutt","floor":1},{"not_picked":["Sword Boomerang","Thunderclap","Warcry"],"picked":"SKIP","floor":3},{"not_picked":["Rage","Seeing Red"],"picked":"Bloodletting","floor":4},{"not_picked":["Thunderclap","True Grit","Feel No Pain"],"picked":"SKIP","floor":7},{"not_picked":["Thunderclap","True Grit","Feel No Pain"],"picked":"SKIP","floor":7},{"not_picked":["Intimidate","Body Slam"],"picked":"Combust","floor":10},{"not_picked":["Shrug It Off","Sword Boomerang"],"picked":"Whirlwind","floor":11},{"not_picked":["Pommel Strike","Sword Boomerang"],"picked":"Power Through","floor":12},{"not_picked":["Wild Strike","Thunderclap"],"picked":"Sever Soul","floor":13},{"not_picked":["Warcry","Carnage","Thunderclap"],"picked":"SKIP","floor":14},{"not_picked":["Fiend Fire","Double Tap"],"picked":"Juggernaut","floor":16},{"not_picked":["Warcry+1","Clash"],"picked":"Dark Embrace","floor":18},{"not_picked":["Heavy Blade","Bloodletting"],"picked":"Intimidate+1","floor":21}],"player_experience":149255,"relics_obtained":[{"floor":7,"key":"Lizard Tail"},{"floor":12,"key":"Bag of Preparation"},{"floor":14,"key":"Gremlin Horn"}],"event_choices":[{"damage_healed":0,"gold_gain":0,"player_choice":"Entered Light","damage_taken":23,"max_hp_gain":0,"max_hp_loss":0,"event_name":"Shining Light","floor":5,"gold_loss":0,"cards_upgraded":["Strike_R","Corruption"]},{"cards_removed":["Perfected Strike"],"damage_healed":0,"gold_gain":0,"player_choice":"Gave Gold","damage_taken":0,"max_hp_gain":0,"max_hp_loss":0,"event_name":"Beggar","floor":19,"gold_loss":75},{"damage_healed":0,"gold_gain":0,"player_choice":"Obtained Relic","damage_taken":0,"relics_obtained":["Nunchaku"],"max_hp_gain":0,"max_hp_loss":0,"event_name":"Addict","floor":20,"gold_loss":85}],"is_beta":false,"boss_relics":[{"not_picked":["SacredBark","Velvet Choker"],"picked":"Pandora\u0027s Box"}],"items_purged_floors":[],"is_endless":false,"potions_floor_spawned":[3,7,12,13,14],"killed_by":"Shelled Parasite and Fungi","ascension_level":20,"potion_discard_per_floor":[[],[],[],[],[],[],[],[],[],[],[],[],[],[],[],[],[],[],[],[],[],[],[]]}