{"neow_bonuses_skipped_log":["THREE_CARDS","THREE_SMALL_POTIONS","BOSS_RELIC"],"neow_costs_skipped_log":["NONE","NONE","NONE"],"potions_obtained_entropic_brew":[[],[],[],[],[],[],[],[],[],[],[],[],[],[],[],[],[],[],[],[],[],[],[],[],[],[],[],[],[],[],[],[],[],[],[],[],[],[],[],[],[],[],[],[],[],[],[],[],[],[]],"gold_per_floor":[369,369,383,92,107,132,150,150,150,179,192,212,244,244,244,320,320,336,9,9,28,61,61,89,89,113,113,129,129,129,146,146,223,223,241,73,98,116,133,133,168,178,178,178,207,207,107,124,124,124],"floor_reached":50,"playtime":5076,"items_purged":["Strike_R","Writhe"],"score":1080,"play_id":"0119cda7-ed81-4b36-9e04-36fc14f10583","local_time":"20240312195103","score_breakdown":["Floors Climbed (50): 250","Enemies Slain (15): 30","Exordium Elites Killed (3): 30","City Elites Killed (1): 20","Beyond Elites Killed (2): 60","Bosses Slain (2): 150","Ascension (20): 540"],"is_ascension_mode":true,"potions_obtained_alchemize":[[],[],[],[],[],[],[],[],[],[],[],[],[],[],[],[],[],[],[],[],[],[],[],[],[],[],[],[],[],[],[],[],[],[],[],[],[],[],[],[],[],[],[],[],[],[],[],[],[],[]],"campfire_choices":[{"data":"Whirlwind","floor":8.0,"key":"SMITH"},{"data":"Fire Breathing","floor":15.0,"key":"SMITH"},{"data":"Carnage","floor":23.0,"key":"SMITH"},{"data":"True Grit","floor":27.0,"key":"SMITH"},{"data":"Rupture","floor":30.0,"key":"SMITH"},{"data":"Shockwave","floor":32.0,"key":"SMITH"},{"floor":40,"key":"REST"},{"floor":44,"key":"REST"},{"data":"Worship","floor":46,"key":"SMITH"},{"floor":49,"key":"RECALL"}],"lesson_learned_per_floor":[[],[],[],[],[],[],[],[],[],[],[],[],[],[],[],[],[],[],[],[],[],[],[],[],[],[],[],[],[],[],[],[],[],[],[],[],[],[],[],[],[],[],[],[],[],[],[],[],[],[]],"neow_cost":"TEN_PERCENT_HP_LOSS","improvable_cards":{},"seed_source_timestamp":6839524253208,"shop_contents":[{"floor":4,"relics":["Nunchaku","HornCleat"],"cards":["Thunderclap","Infernal Blade","Warcry","Combust","Panacea","Magnetism"],"potions":["Regen Potion","Ancient Potion"]},{"floor":19,"relics":["PreservedInsect","Ice Cream"],"cards":["Sever Soul","Twin Strike","Flex","Inflame","Dramatic Entrance","Metamorphosis"],"potions":["Regen Potion","Ancient Potion","FearPotion"]},{"floor":36,"relics":["Akabeko","Bag of Marbles"],"cards":["Immolate","Thunderclap","Warcry","Flex","Fire Breathing","Purity","Master of Strategy"],"potions":["HeartOfIron","BloodPotion","BlessingOfTheForge"]},{"floor":47,"relics":["Regal Pillow","StrikeDummy","Sling"],"cards":["Iron Wave","Body Slam","Bloodletting","Burning Pact","Inflame","Panacea","The Bomb"],"potions":["Explosive Potion","SkillPotion","Fire Potion"]}],"circlet_count":0,"master_deck":["AscendersBane","Strike_R","Defend_R","Bash","Shrug It Off","Infernal Blade","Whirlwind+1","Fire Breathing+1","Twin Strike","Feel No Pain","Evolve","Carnage+1","Second Wind","Rupture+1","Brutality","True Grit+1","Burning Pact","Acrobatics","Acrobatics","Shockwave+1","Beam Cell+1","Turbo","Brutality+1","Juggernaut+1","Hemokinesis+1","ForeignInfluence","Tactician","PiercingWail","Worship+1"],"special_seed":0,"potion_use_per_floor":[[],[],[],[],[],["ColorlessPotion"],[],[],[],[],[],["Swift Potion"],[],[],[],["PowerPotion"],[],[],[],[],["SkillPotion","ColorlessPotion"],["DistilledChaos"],[],[],[],[],[],[],[],[],[],[],[],[],[],[],[],[],["HeartOfIron"],[],[],["SpeedPotion","BlessingOfTheForge"],[],[],[],[],[],["BloodPotion"],[],["Regen Potion","DuplicationPotion"]],"relics":["Burning Blood","ClockworkSouvenir","Incense Burner","Eternal Feather","Lizard Tail","Mango","Cursed Key","PrismaticShard","Red Mask","Anchor","Astrolabe","OrangePellets","Thread and Needle","Red Skull","Vajra"],"potions_floor_usage":[39,42,42,48,50,50],"damage_taken":[{"damage":6.0,"enemies":"Cultist","floor":1.0,"turns":4.0},{"damage":2.0,"enemies":"2 Louse","floor":3.0,"turns":3.0},{"damage":14.0,"enemies":"Jaw Worm","floor":5.0,"turns":2.0},{"damage":11.0,"enemies":"Gremlin Nob","floor":6.0,"turns":3.0},{"damage":0.0,"enemies":"Exordium Wildlife","floor":7.0,"turns":2.0},{"damage":21.0,"enemies":"Lagavulin","floor":10.0,"turns":7.0},{"damage":10.0,"enemies":"Large Slime","floor":11.0,"turns":5.0},{"damage":6.0,"enemies":"3 Louse","floor":12.0,"turns":7.0},{"damage":8.0,"enemies":"Gremlin Nob","floor":13.0,"turns":4.0},{"damage":88.0,"enemies":"Hexaghost","floor":16.0,"turns":10.0},{"damage":20.0,"enemies":"Shell Parasite","floor":18.0,"turns":5.0},{"damage":21.0,"enemies":"Spheric Guardian","floor":21.0,"turns":5.0},{"damage":6.0,"enemies":"Masked Bandits","floor":22.0,"turns":7.0},{"damage":8.0,"enemies":"Gremlin Leader","floor":24.0,"turns":6.0},{"damage":15.0,"enemies":"Cultist and Chosen","floor":28.0,"turns":7.0},{"damage":9.0,"enemies":"Shelled Parasite and Fungi","floor":31.0,"turns":10.0},{"damage":66.0,"enemies":"Collector","floor":33.0,"turns":8.0},{"damage":23.0,"enemies":"3 Darklings","floor":35.0,"turns":3.0},{"damage":24,"enemies":"Mind Bloom Boss Battle","floor":37,"turns":6},{"damage":6,"enemies":"3 Shapes","floor":38,"turns":5},{"damage":28,"enemies":"Jaw Worm Horde","floor":39,"turns":4},{"damage":46,"enemies":"Reptomancer","floor":41,"turns":6},{"damage":3,"enemies":"Spire Growth","floor":42,"turns":4},{"damage":38,"enemies":"Nemesis","floor":45,"turns":7},{"damage":28,"enemies":"Transient","floor":48,"turns":6},{"damage":60,"enemies":"Awakened One","floor":50,"turns":6}],"green_key_taken_log":10,"seed_played":"-8674855025587314430","neow_bonus_log":{"cardsObtained":[],"cardsUpgraded":[],"cardsRemoved":[],"cardsTransformed":[],"relicsObtained":[],"maxHpGained":0,"goldGained":250,"damageTaken":0,"goldLost":0,"maxHpLost":7},"potions_obtained":[{"floor":1.0,"key":"Ancient Potion"},{"floor":6.0,"key":"Swift Potion"},{"floor":10.0,"key":"PowerPotion"},{"floor":16.0,"key":"Dexterity Potion"},{"floor":18.0,"key":"SkillPotion"},{"floor":20.0,"key":"ColorlessPotion"},{"floor":21.0,"key":"DistilledChaos"},{"floor":24.0,"key":"SpeedPotion"},{"floor":28.0,"key":"Weak Potion"},{"floor":35,"key":"HeartOfIron"},{"floor":41,"key":"BlessingOfTheForge"},{"floor":42,"key":"DuplicationPotion"},{"floor":45,"key":"BloodPotion"},{"floor":48,"key":"Regen Potion"}],"is_trial":false,"path_per_floor":["M","?","M","$","M","E","M","R","T","E","M","M","E","?","R","B",null,"M","$","?","M","?","R","E","?","T","R","M","?","R","M","R","B",null,"M","$","?","M","M","R","E","M","T","R","E","R","$","M","R","B"],"character_chosen":"IRONCLAD","basemod:card_modifiers":[null,null,null,null,null,null,null,null,null,null,null,null,null,null,null,null,null,null,null,null,null,null,null,null,null,null,null,null,null],"items_purchased":["ClockworkSouvenir","Whirlwind","ColorlessPotion","Burning Pact","PrismaticShard","OrangePellets"],"campfire_rested":2,"item_purchase_floors":[4,4,4,19,19,36],"current_hp_per_floor":[68,61,65,65,57,52,58,58,58,43,39,39,51,51,60,23,67,53,53,53,38,38,50,48,48,48,63,54,54,69,66,81,21,67,50,50,32,32,10,49,9,12,12,51,19,37,37,31,46,0],"gold":124,"neow_bonus":"TWO_FIFTY_GOLD","is_prod":false,"is_daily":false,"rewards_skipped":[{"floor":20,"relics":[],"potions":["Block Potion"]}],"chose_seed":false,"campfire_upgraded":7,"win_rate":0,"floor_exit_playtime":[66,77,136,280,324,385,470,477,482,590,656,798,878,953,1050,1241,1300,1388,1579,1605,1778,2020,2050,2167,2215,2221,2247,2387,2414,2435,2821,2843,3297,3366,3440,3459,3619,3774,3911,3920,4150,4274,4277,4282,4532,4553,4581,4752,4758],"timestamp":1710287463,"blue_key_relic_skipped_log":{"floor":26,"relicID":"MealTicket"},"path_taken":["M","?","M","$","M","E","M","R","T","E","?","M","E","?","R","BOSS","M","$","?","M","?","R","E","?","T","R","?","?","R","?","R","BOSS","M","$","?","M","M","R","E","M","T","R","E","R","$","M","R","BOSS"],"build_version":"2022-12-01","purchased_purges":2,"victory":false,"max_hp_per_floor":[68,68,68,68,68,68,68,68,68,68,68,68,82,82,82,82,82,82,82,82,82,82,82,82,82,82,82,82,82,82,82,82,82,82,82,82,82,82,82,82,82,82,82,82,82,82,82,82,82,82],"relic_stats":{"OrangePellets":[0],"Lizard Tail":41,"counters":[26,142],"Astrolabe":["Brutality","Juggernaut","Hemokinesis"],"Eternal Feather":129,"Cursed Key":1,"obtain_stats":[{"Astrolabe":34,"Vajra":45,"Eternal Feather":9,"Mango":13,"Thread and Needle":37,"Incense Burner":6,"Cursed Key":17,"PrismaticShard":19,"Burning Blood":0,"ClockworkSouvenir":4,"OrangePellets":36,"Lizard Tail":10,"Anchor":24,"Red Mask":22,"Red Skull":41},{"Astrolabe":17,"Vajra":24,"Eternal Feather":5,"Mango":9,"Thread and Needle":19,"Incense Burner":4,"Cursed Key":10,"PrismaticShard":11,"Burning Blood":0,"ClockworkSouvenir":2,"OrangePellets":18,"Lizard Tail":6,"Anchor":14,"Red Mask":13,"Red Skull":22},{"Astrolabe":95,"Vajra":130,"Eternal Feather":14,"Mango":37,"Thread and Needle":104,"Incense Burner":12,"Cursed Key":47,"PrismaticShard":52,"Burning Blood":0,"ClockworkSouvenir":7,"OrangePellets":98,"Lizard Tail":21,"Anchor":70,"Red Mask":64,"Red Skull":119}],"Burning Blood":150},"card_choices":[{"not_picked":["Thunderclap","Warcry"],"picked":"Shrug It Off","floor":1.0},{"not_picked":["Rage","Iron Wave"],"picked":"Infernal Blade","floor":3.0},{"not_picked":["Rage","Twin Strike"],"picked":"Fire Breathing","floor":5.0},{"not_picked":["Bludgeon","Intimidate"],"picked":"Twin Strike","floor":6.0},{"not_picked":["Clash","Thunderclap","Cleave"],"picked":"SKIP","floor":7.0},{"not_picked":["Clash","Thunderclap","Cleave"],"picked":"SKIP","floor":7.0},{"not_picked":["Clash","Thunderclap","Cleave"],"picked":"SKIP","floor":7.0},{"not_picked":["Armaments","Thunderclap"],"picked":"Feel No Pain","floor":10.0},{"not_picked":["Searing Blow","Thunderclap"],"picked":"Evolve","floor":11.0},{"not_picked":["Infernal Blade","Twin Strike"],"picked":"Carnage","floor":12.0},{"not_picked":["Reaper","Flex"],"picked":"Second Wind","floor":13.0},{"not_picked":["Limit Break","Exhume"],"picked":"Brutality","floor":16.0},{"not_picked":["Iron Wave","Shrug It Off"],"picked":"True Grit","floor":18.0},{"not_picked":["Sanctity","Tantrum"],"picked":"Acrobatics","floor":21.0},{"not_picked":["Barrage","Lockon","Meditate"],"picked":"SKIP","floor":22.0},{"not_picked":["Electrodynamics","Entrench"],"picked":"Acrobatics","floor":24.0},{"not_picked":["Evolve","Sever Soul","Rage","Clothesline","Reckless Charge","Sentinel","Armaments","Twin Strike","Ghostly Armor","Heavy Blade","Shrug It Off","Dropkick","Headbutt","True Grit","Body Slam","Cleave","Warcry","Rampage","Seeing Red"],"picked":"Shockwave","floor":25.0},{"not_picked":["Clash","Static Discharge"],"picked":"Beam Cell+1","floor":28.0},{"not_picked":["Escape Plan","Blade Dance"],"picked":"Turbo","floor":31.0},{"not_picked":["Alpha","Mayhem","Thunder Strike"],"picked":"SKIP","floor":33.0},{"not_picked":["Lockon","Perfected Strike+1","EmptyFist"],"picked":"SKIP","floor":35},{"not_picked":["Eviscerate","Deflect"],"picked":"ForeignInfluence","floor":37},{"not_picked":["JustLucky","Cold Snap","FlurryOfBlows"],"picked":"SKIP","floor":38},{"not_picked":["EmptyBody","Finisher+1","Unload"],"picked":"SKIP","floor":39},{"not_picked":["Backstab","EmptyBody"],"picked":"Tactician","floor":41},{"not_picked":["FearNoEvil","Deflect"],"picked":"PiercingWail","floor":42},{"not_picked":["Dagger Spray","Steam"],"picked":"Worship","floor":45},{"not_picked":["Thunderclap","Iron Wave","Compile Driver"],"picked":"SKIP","floor":48}],"player_experience":177791,"relics_obtained":[{"floor":6.0,"key":"Incense Burner"},{"floor":9.0,"key":"Eternal Feather"},{"floor":10.0,"key":"Lizard Tail"},{"floor":13.0,"key":"Mango"},{"floor":22.0,"key":"Red Mask"},{"floor":24.0,"key":"Anchor"},{"floor":37,"key":"Thread and Needle"},{"floor":41,"key":"Red Skull"},{"floor":45,"key":"Vajra"}],"event_choices":[{"cards_removed":["Defend_R"],"damage_healed":0.0,"max_hp_gain":0.0,"max_hp_loss":0.0,"gold_gain":0.0,"event_name":"Golden Wing","player_choice":"Card Removal","floor":2.0,"gold_loss":0.0,"damage_taken":7.0},{"damage_healed":0.0,"max_hp_gain":0.0,"max_hp_loss":0.0,"gold_gain":0.0,"cards_transformed":["Defend_R"],"event_name":"Living Wall","player_choice":"Change","floor":14.0,"gold_loss":0.0,"damage_taken":0.0,"cards_obtained":["Rupture"]},{"damage_healed":0.0,"max_hp_gain":0.0,"max_hp_loss":0.0,"gold_gain":0.0,"event_name":"Lab","player_choice":"Got Potions","floor":20.0,"gold_loss":0.0,"damage_taken":0.0},{"damage_healed":0.0,"max_hp_gain":0.0,"max_hp_loss":0.0,"gold_gain":0.0,"event_name":"Masked Bandits","player_choice":"Fought Bandits","floor":22.0,"gold_loss":0.0,"damage_taken":0.0},{"damage_healed":0.0,"max_hp_gain":0.0,"max_hp_loss":0.0,"gold_gain":0.0,"event_name":"The Library","player_choice":"Read","floor":25.0,"gold_loss":0.0,"damage_taken":0.0,"cards_obtained":["Shockwave"]},{"cards_removed":["Strike_R"],"damage_healed":0.0,"max_hp_gain":0.0,"max_hp_loss":0.0,"gold_gain":0.0,"event_name":"Purifier","player_choice":"Purged","floor":29.0,"gold_loss":0.0,"damage_taken":0.0},{"damage_healed":0,"gold_gain":0,"player_choice":"Fight","damage_taken":0,"max_hp_gain":0,"max_hp_loss":0,"event_name":"MindBloom","floor":37,"gold_loss":0}],"is_beta":false,"boss_relics":[{"not_picked":["Pandora\u0027s Box","Runic Cube"],"picked":"Cursed Key"},{"not_picked":["Busted Crown","Coffee Dripper"],"picked":"Astrolabe"}],"items_purged_floors":[19,47],"is_endless":false,"potions_floor_spawned":[1,6,10,16,18,21,24,28,35,41,42,45,48],"killed_by":"Awakened One","ascension_level":20,"potion_discard_per_floor":[[],[],[],[],[],[],[],[],[],["Ancient Potion"],[],[],[],[],[],[],[],[],[],["Dexterity Potion"],[],[],[],[],[],[],[],[],[],[],[],[],[],[],["Weak Potion"],[],[],[],[],[],[],[],[],[],[],[],[],[],[],[]]}