{"neow_bonuses_skipped_log":["RANDOM_COLORLESS","THREE_SMALL_POTIONS","BOSS_RELIC"],"potions_obtained_entropic_brew":[[],[],[],[],[],[],[],[]],"neow_costs_skipped_log":["NONE","NONE","NONE"],"gold_per_floor":[111,111,111,26,49,82,82,82],"floor_reached":8,"playtime":340,"items_purged":[],"score":108,"play_id":"f23532fa-bb51-47b1-8ea0-8e694ef58d00","local_time":"20240316130655","score_breakdown":["Floors Climbed (8): 40","Enemies Slain (2): 4","Exordium Elites Killed (1): 10","Bosses Slain (0): 0","Ascension (20): 54"],"is_ascension_mode":true,"potions_obtained_alchemize":[[],[],[],[],[],[],[],[]],"campfire_choices":[{"data":"Carnage","floor":7,"key":"SMITH"}],"lesson_learned_per_floor":[[],[],[],[],[],[],[],[]],"neow_cost":"PERCENT_DAMAGE","improvable_cards":{},"seed_source_timestamp":91122382317292,"shop_contents":[{"floor":4,"relics":["Art of War","Bag of Preparation","OrangePellets"],"cards":["Whirlwind","Clash","Rage","Rupture","Good Instincts","Mayhem"],"potions":["EntropicBrew","HeartOfIron"]}],"circlet_count":0,"master_deck":["AscendersBane","Strike_R","Strike_R","Strike_R","Strike_R","Strike_R","Defend_R","Defend_R","Defend_R","Defend_R","Bash","The Bomb+1","Rage","Warcry","Carnage+1","Headbutt"],"potion_use_per_floor":[[],[],[],[],[],["Fire Potion"],[],[]],"relics":["Burning Blood","Golden Idol","Darkstone Periapt"],"potions_floor_usage":[6],"damage_taken":[{"damage":4,"enemies":"Jaw Worm","floor":1,"turns":4},{"damage":5,"enemies":"2 Louse","floor":5,"turns":5},{"damage":32,"enemies":"Gremlin Nob","floor":6,"turns":4},{"damage":29,"enemies":"Lagavulin","floor":8,"turns":3}],"seed_played":"-5242050986593100296","neow_bonus_log":{"cardsObtained":[],"cardsUpgraded":[],"cardsRemoved":[],"cardsTransformed":[],"relicsObtained":[],"maxHpGained":0,"goldGained":0,"damageTaken":18,"goldLost":0,"maxHpLost":0},"potions_obtained":[],"is_trial":false,"path_per_floor":["M","?","?","$","M","E","R","E"],"character_chosen":"IRONCLAD","basemod:card_modifiers":[null,null,null,null,null,null,null,null,null,null,null,null,null,null,null,null],"items_purchased":["Fire Potion","Warcry"],"campfire_rested":0,"item_purchase_floors":[4,4],"current_hp_per_floor":[52,52,52,52,53,27,27,0],"gold":82,"neow_bonus":"RANDOM_COLORLESS_2","is_prod":false,"is_daily":false,"rewards_skipped":[],"chose_seed":false,"campfire_upgraded":1,"win_rate":0,"floor_exit_playtime":[98,122,129,175,239,294,305],"timestamp":1710608815,"path_taken":["M","?","?","$","M","E","R","E"],"build_version":"2022-12-01","purchased_purges":0,"victory":false,"max_hp_per_floor":[75,75,68,68,68,68,68,68],"relic_stats":{"Darkstone Periapt":0,"counters":[4,16],"Golden Idol":12,"obtain_stats":[{"Darkstone Periapt":6,"Golden Idol":3,"Burning Blood":0},{"Darkstone Periapt":3,"Golden Idol":1,"Burning Blood":0},{"Darkstone Periapt":13,"Golden Idol":4,"Burning Blood":0}],"Burning Blood":18},"card_choices":[{"not_picked":["Magnetism","Transmutation"],"picked":"The Bomb","floor":0},{"not_picked":["Havoc","Clothesline"],"picked":"Rage","floor":1},{"not_picked":["Dual Wield","Rupture"],"picked":"Carnage","floor":5},{"not_picked":["Limit Break","Pommel Strike"],"picked":"Headbutt","floor":6}],"player_experience":148915,"relics_obtained":[{"floor":6,"key":"Darkstone Periapt"}],"event_choices":[{"damage_healed":0,"gold_gain":0,"player_choice":"Upgraded","damage_taken":0,"max_hp_gain":0,"max_hp_loss":0,"event_name":"Upgrade Shrine","floor":2,"gold_loss":0,"cards_upgraded":["The Bomb"]},{"damage_healed":0,"gold_gain":0,"player_choice":"Lose Max HP","damage_taken":0,"relics_obtained":["Golden Idol"],"max_hp_gain":0,"max_hp_loss":7,"event_name":"Golden Idol","floor":3,"gold_loss":0}],"is_beta":false,"boss_relics":[],"items_purged_floors":[],"is_endless":false,"potions_floor_spawned":[],"killed_by":"Lagavulin","ascension_level":20,"potion_discard_per_floor":[[],[],[],[],[],[],[],[]]}