{"neow_bonuses_skipped_log":["TRANSFORM_CARD","THREE_ENEMY_KILL","TWENTY_PERCENT_HP_BONUS"],"neow_costs_skipped_log":["NONE","NONE","PERCENT_DAMAGE"],"potions_obtained_entropic_brew":[[],[],[],[],[],[],[],[],[],[],[],[],[],[],[],[],[],[],[],[],[],[],[],[],[],[],[],[],[],[],[],[],[],[],[],[],[],[],[],[],[],[],[],[],[],[],[],[],[],[],[],[],[],[],[],[],[]],"gold_per_floor":[115,25,44,57,57,57,85,32,56,56,73,73,73,91,91,166,166,176,189,85,95,114,143,143,168,180,223,235,297,127,143,143,218,218,228,239,239,250,267,593,607,607,607,658,684,684,714,329,329,329,329,329,329,1,29,29],"floor_reached":57,"playtime":6093,"items_purged":["Barricade","Anger","Combust","Wild Strike"],"score":2875,"play_id":"ee25a00f-6a14-4c59-aac4-c33182446345","local_time":"20240319124616","score_breakdown":["Floors Climbed (57): 285","Enemies Slain (15): 30","Exordium Elites Killed (1): 10","City Elites Killed (3): 60","Beyond Elites Killed (3): 90","Bosses Slain (5): 750","Money Money (1132): 25","Champion (2): 50","Overkill: 25","Ascension (20): 1300","Heartbreaker: 250"],"is_ascension_mode":true,"potions_obtained_alchemize":[[],[],[],[],[],[],[],[],[],[],[],[],[],[],[],[],[],[],[],[],[],[],[],[],[],[],[],[],[],[],[],[],[],[],[],[],[],[],[],[],[],[],[],[],[],[],[],[],[],[],[],[],[],[],[],[],[]],"campfire_choices":[{"data":"Whirlwind","floor":6.0,"key":"SMITH"},{"data":"True Grit","floor":12.0,"key":"SMITH"},{"data":"Bash","floor":15.0,"key":"SMITH"},{"data":"Immolate","floor":24.0,"key":"SMITH"},{"data":"Ghostly","floor":32.0,"key":"SMITH"},{"data":"Uppercut","floor":42,"key":"SMITH"},{"floor":46,"key":"RECALL"},{"data":"Ghostly","floor":49,"key":"SMITH"},{"data":"Demon Form","floor":53,"key":"SMITH"}],"lesson_learned_per_floor":[[],[],[],[],[],[],[],[],[],[],[],[],[],[],[],[],[],[],[],[],[],[],[],[],[],[],[],[],[],[],[],[],[],[],[],[],[],[],[],[],[],[],[],[],[],[],[],[],[],[],[],[],[],[],[],[],[]],"neow_cost":"NONE","improvable_cards":{},"seed_source_timestamp":0,"shop_contents":[{"floor":2,"relics":["Shovel","Singing Bowl","OrangePellets"],"cards":["Pommel Strike","Entrench","Flex","Fire Breathing","Mind Blast","Chrysalis"],"potions":["EssenceOfSteel","LiquidBronze"]},{"floor":8,"relics":["Bottled Lightning","Mummified Hand","Sling"],"cards":["Carnage","Immolate","Warcry","Feel No Pain","Mind Blast","Metamorphosis"],"potions":["EntropicBrew","Weak Potion","GamblersBrew"]},{"floor":20,"relics":["Vajra","InkBottle","ClockworkSouvenir"],"cards":["Thunderclap","Clothesline","Armaments","True Grit","Rupture","Discovery","Chrysalis"],"potions":["GamblersBrew","Strength Potion"]},{"floor":30,"relics":["Bronze Scales","Pear","PrismaticShard"],"cards":["Hemokinesis","Heavy Blade","Spot Weakness","Evolve","Jack Of All Trades","Magnetism"],"potions":["GamblersBrew","LiquidMemories"]},{"floor":48,"relics":["StoneCalendar"],"cards":["Searing Blow","Perfected Strike","Spot Weakness","Intimidate","Combust","Swift Strike","Apotheosis"],"potions":["Ancient Potion","SpeedPotion","SkillPotion"]},{"floor":54,"relics":["Lantern","War Paint"],"cards":["Body Slam","Warcry","Infernal Blade","Evolve","Swift Strike","Apotheosis"],"potions":["ColorlessPotion"]}],"circlet_count":0,"master_deck":["AscendersBane","Bash+1","Heavy Blade","Whirlwind+1","Clothesline","Second Wind","True Grit+1","Fiend Fire+1","Impervious","Barricade","Limit Break","Reaper","Dark Embrace","Warcry","Offering","Body Slam","Evolve","Pummel+1","Immolate+1","Shrug It Off+1","Power Through","Ghostly+1","Ghostly","Ghostly+1","Disarm","Power Through","Limit Break","Apotheosis","Enlightenment","Bloodletting+1","Uppercut+1","Demon Form+1","Headbutt"],"special_seed":0,"potion_use_per_floor":[[],[],[],[],[],[],[],[],[],[],[],[],[],["Fruit Juice"],[],["EssenceOfSteel","Energy Potion"],[],["Block Potion"],["Block Potion"],[],[],["SpeedPotion"],["SteroidPotion"],[],[],[],[],[],[],[],[],[],["Block Potion"],[],[],[],[],[],[],["SteroidPotion"],[],[],[],[],[],[],[],[],[],["AttackPotion","Swift Potion"],[],[],[],[],["DistilledChaos"],["LiquidBronze"],[]],"relics":["Runic Dome","Pen Nib","Smiling Mask","Bag of Marbles","Pandora\u0027s Box","Prayer Wheel","MawBank","Happy Flower","Nunchaku","Snecko Eye","Old Coin","Ginger","Calipers","Lizard Tail","Brimstone","Toy Ornithopter","Membership Card","Art of War"],"potions_floor_usage":[40,50,50,55,56],"damage_taken":[{"damage":0.0,"enemies":"Small Slimes","floor":1.0,"turns":3.0},{"damage":0.0,"enemies":"Cultist","floor":3.0,"turns":3.0},{"damage":7.0,"enemies":"Jaw Worm","floor":4.0,"turns":2.0},{"damage":15.0,"enemies":"3 Sentries","floor":7.0,"turns":5.0},{"damage":0.0,"enemies":"2 Fungi Beasts","floor":11.0,"turns":2.0},{"damage":0.0,"enemies":"Looter","floor":14.0,"turns":1.0},{"damage":24.0,"enemies":"Slime Boss","floor":16.0,"turns":4.0},{"damage":13.0,"enemies":"2 Thieves","floor":18.0,"turns":3.0},{"damage":6.0,"enemies":"Chosen","floor":19.0,"turns":4.0},{"damage":6.0,"enemies":"Snecko","floor":21.0,"turns":3.0},{"damage":28.0,"enemies":"Centurion and Healer","floor":22.0,"turns":4.0},{"damage":25.0,"enemies":"Slavers","floor":23.0,"turns":4.0},{"damage":16.0,"enemies":"Book of Stabbing","floor":25.0,"turns":3.0},{"damage":40.0,"enemies":"Slavers","floor":27.0,"turns":2.0},{"damage":2.0,"enemies":"Chosen and Byrds","floor":31.0,"turns":2.0},{"damage":14.0,"enemies":"Collector","floor":33.0,"turns":14.0},{"damage":18.0,"enemies":"Orb Walker","floor":35.0,"turns":5.0},{"damage":0.0,"enemies":"3 Shapes","floor":36.0,"turns":5.0},{"damage":0.0,"enemies":"Transient","floor":38.0,"turns":6.0},{"damage":2.0,"enemies":"3 Darklings","floor":39.0,"turns":2.0},{"damage":2,"enemies":"Giant Head","floor":40,"turns":4},{"damage":1,"enemies":"Sphere and 2 Shapes","floor":41,"turns":7},{"damage":1,"enemies":"2 Orb Walkers","floor":44,"turns":5},{"damage":9,"enemies":"Nemesis","floor":45,"turns":7},{"damage":13,"enemies":"Giant Head","floor":47,"turns":6},{"damage":38,"enemies":"Time Eater","floor":50,"turns":5},{"damage":43,"enemies":"Awakened One","floor":51,"turns":11},{"damage":12,"enemies":"Shield and Spear","floor":55,"turns":5},{"damage":49,"enemies":"The Heart","floor":56,"turns":7}],"green_key_taken_log":45,"seed_played":"-3951406180007024797","neow_bonus_log":{"cardsObtained":[],"cardsUpgraded":[],"cardsRemoved":[],"cardsTransformed":[],"relicsObtained":["Runic Dome"],"maxHpGained":0,"goldGained":0,"damageTaken":0,"goldLost":0,"maxHpLost":0},"potions_obtained":[{"floor":3.0,"key":"GamblersBrew"},{"floor":4.0,"key":"Fruit Juice"},{"floor":14.0,"key":"EssenceOfSteel"},{"floor":16.0,"key":"Block Potion"},{"floor":18.0,"key":"Block Potion"},{"floor":19.0,"key":"SpeedPotion"},{"floor":31.0,"key":"Block Potion"},{"floor":36.0,"key":"AttackPotion"},{"floor":40,"key":"Swift Potion"}],"is_trial":false,"path_per_floor":["M","$","M","M","?","R","E","$","T","?","M","R","?","M","R","B",null,"M","M","$","M","M","E","R","E","T","E","?","?","$","M","R","B",null,"M","M","?","M","M","E","M","R","T","?","E","R","E","$","R","B","B",null,"R","$","E","B",null],"character_chosen":"IRONCLAD","basemod:card_modifiers":[null,null,null,null,null,null,null,null,null,null,null,null,null,null,null,null,null,null,null,null,null,null,null,null,null,null,null,null,null,null,null,null,null],"items_purchased":["Whirlwind","Energy Potion","True Grit","SteroidPotion","Disarm","SteroidPotion","Brimstone","Toy Ornithopter","Membership Card","Headbutt","LiquidBronze","DistilledChaos"],"campfire_rested":0,"item_purchase_floors":[2,2,8,20,30,30,48,48,54,54,54,54],"current_hp_per_floor":[68,68,68,61,66,66,51,51,51,25,25,25,25,30,30,6,65,64,64,64,64,46,60,60,56,56,16,16,16,16,14,14,9,34,20,20,10,25,40,42,42,42,42,42,33,33,42,42,42,14,8,34,34,34,42,21],"gold":29,"neow_bonus":"BOSS_RELIC","is_prod":false,"is_daily":false,"rewards_skipped":[{"floor":44,"relics":[],"potions":["Swift Potion"]}],"chose_seed":false,"campfire_upgraded":8,"win_rate":0,"floor_exit_playtime":[137,186,253,314,324,335,431,459,471,486,528,537,560,596,607,905,972,1088,1216,1294,1421,1625,1749,1792,2021,2028,2102,2116,2121,2192,2274,2283,3220,3308,3433,3584,3626,3832,3894,4077,4244,4280,4284,4419,4613,4617,4814,4879,4898,5088,5522,5534,5563,5658,5836,6093],"timestamp":1710866776,"blue_key_relic_skipped_log":{"floor":43,"relicID":"HornCleat"},"path_taken":["M","$","M","?","?","R","E","?","T","?","M","R","?","M","R","BOSS","M","?","?","M","M","E","R","E","T","E","?","?","$","M","R","BOSS","M","?","?","M","M","E","M","R","T","?","E","R","E","$","R","BOSS","BOSS","R","$","E","BOSS"],"build_version":"2022-12-01","purchased_purges":4,"victory":true,"max_hp_per_floor":[75,75,75,75,80,80,80,80,80,80,80,80,80,85,85,85,85,85,85,85,85,85,85,85,85,85,85,42,42,42,42,42,42,42,42,42,42,42,42,42,42,42,42,42,42,42,42,42,42,42,42,42,42,42,42,42],"relic_stats":{"Calipers":[130],"Happy Flower":[31],"counters":[29,134],"Pen Nib":[19],"Ginger":[3],"Smiling Mask":175,"MawBank":60,"Nunchaku":[14],"Lizard Tail":21,"Snecko Eye":[155,161,173,170,-189],"Pandora\u0027s Box":["Barricade","Limit Break","Wild Strike","Reaper","Dark Embrace","Combust","Barricade","Warcry","Offering"],"Prayer Wheel":6,"Art of War":[1],"Membership Card":183,"obtain_stats":[{"Calipers":45,"Happy Flower":26,"Pen Nib":7,"Ginger":44,"Smiling Mask":9,"MawBank":25,"Burning Blood":0,"Old Coin":40,"Runic Dome":0,"Nunchaku":27,"Lizard Tail":47,"Brimstone":48,"Snecko Eye":34,"Pandora\u0027s Box":17,"Prayer Wheel":23,"Bag of Marbles":10,"Art of War":55,"Membership Card":54,"Toy Ornithopter":48},{"Calipers":24,"Happy Flower":13,"Pen Nib":4,"Ginger":23,"Smiling Mask":4,"MawBank":13,"Burning Blood":0,"Old Coin":21,"Runic Dome":0,"Nunchaku":14,"Lizard Tail":25,"Brimstone":25,"Snecko Eye":16,"Pandora\u0027s Box":7,"Prayer Wheel":12,"Bag of Marbles":4,"Art of War":28,"Membership Card":27,"Toy Ornithopter":25},{"Calipers":100,"Happy Flower":41,"Pen Nib":13,"Ginger":93,"Smiling Mask":13,"MawBank":41,"Burning Blood":0,"Old Coin":81,"Runic Dome":0,"Nunchaku":43,"Lizard Tail":106,"Brimstone":106,"Snecko Eye":59,"Pandora\u0027s Box":20,"Prayer Wheel":38,"Bag of Marbles":13,"Art of War":127,"Membership Card":122,"Toy Ornithopter":106}],"Toy Ornithopter":19},"card_choices":[{"not_picked":["Entrench","Wild Strike"],"picked":"Heavy Blade","floor":1.0},{"not_picked":["Reckless Charge","Sentinel"],"picked":"Anger","floor":3.0},{"not_picked":["Armaments","Metallicize"],"picked":"Clothesline","floor":4.0},{"not_picked":["Twin Strike","Warcry"],"picked":"Second Wind","floor":7.0},{"not_picked":["Shrug It Off","Iron Wave"],"picked":"Fiend Fire","floor":11.0},{"not_picked":["Body Slam","Anger","Iron Wave"],"picked":"SKIP","floor":14.0},{"not_picked":["Reaper","Offering"],"picked":"Impervious","floor":16.0},{"not_picked":["Dropkick","True Grit"],"picked":"Body Slam","floor":18.0},{"not_picked":["Cleave","Iron Wave"],"picked":"Evolve","floor":19.0},{"not_picked":["Twin Strike","Thunderclap+1"],"picked":"Pummel+1","floor":21.0},{"not_picked":["Sever Soul","Fire Breathing","Evolve"],"picked":"SKIP","floor":22.0},{"not_picked":["Clash","Body Slam"],"picked":"Immolate","floor":23.0},{"not_picked":["Headbutt","Spot Weakness+1"],"picked":"Shrug It Off+1","floor":25.0},{"not_picked":["Pummel","Blood for Blood"],"picked":"Power Through","floor":27.0},{"not_picked":["Headbutt+1","True Grit"],"picked":"Power Through","floor":31.0},{"not_picked":["Flex","Warcry","Evolve"],"picked":"SKIP","floor":31.0},{"not_picked":["Fiend Fire","Brutality"],"picked":"Limit Break","floor":33.0},{"not_picked":["Clothesline","Shrug It Off","Carnage"],"picked":"SKIP","floor":35.0},{"not_picked":["Infernal Blade+1","Flex","True Grit"],"picked":"SKIP","floor":35.0},{"not_picked":["Searing Blow","Flex","Whirlwind"],"picked":"SKIP","floor":36.0},{"not_picked":["Wild Strike","Perfected Strike","Body Slam"],"picked":"SKIP","floor":36.0},{"not_picked":["Violence","Enlightenment"],"picked":"Apotheosis","floor":37.0},{"not_picked":["Jack Of All Trades","Good Instincts"],"picked":"Enlightenment","floor":37.0},{"not_picked":["Jack Of All Trades","Madness","Chrysalis"],"picked":"SKIP","floor":37.0},{"not_picked":["Sword Boomerang","Clothesline"],"picked":"Bloodletting+1","floor":38.0},{"not_picked":["Pommel Strike","Havoc+1","Bloodletting"],"picked":"SKIP","floor":38.0},{"not_picked":["Armaments+1","Cleave"],"picked":"Uppercut","floor":39.0},{"not_picked":["Metallicize","Dropkick","Cleave+1"],"picked":"SKIP","floor":39.0},{"not_picked":["Metallicize","Dropkick","Cleave+1"],"picked":"SKIP","floor":39.0},{"not_picked":["Heavy Blade","Body Slam","Rage"],"picked":"SKIP","floor":40},{"not_picked":["True Grit","Reckless Charge"],"picked":"Demon Form","floor":41},{"not_picked":["Body Slam","Combust","True Grit"],"picked":"SKIP","floor":41},{"not_picked":["Twin Strike","Pommel Strike","Rampage+1"],"picked":"SKIP","floor":44},{"not_picked":["Shrug It Off","Flex","Armaments+1"],"picked":"SKIP","floor":45},{"not_picked":["Havoc","Pummel","Intimidate"],"picked":"SKIP","floor":47},{"not_picked":["Double Tap","Flex","Anger+1"],"picked":"SKIP","floor":55}],"player_experience":106433,"relics_obtained":[{"floor":7.0,"key":"Pen Nib"},{"floor":9.0,"key":"Smiling Mask"},{"floor":23.0,"key":"Prayer Wheel"},{"floor":25.0,"key":"MawBank"},{"floor":26.0,"key":"Happy Flower"},{"floor":27.0,"key":"Nunchaku"},{"floor":40,"key":"Old Coin"},{"floor":44,"key":"Ginger"},{"floor":45,"key":"Calipers"},{"floor":47,"key":"Lizard Tail"},{"floor":55,"key":"Art of War"}],"event_choices":[{"damage_healed":0.0,"max_hp_gain":5.0,"max_hp_loss":0.0,"gold_gain":0.0,"event_name":"Big Fish","player_choice":"Donut","floor":5.0,"gold_loss":0.0,"damage_taken":0.0},{"damage_healed":0.0,"max_hp_gain":0.0,"max_hp_loss":0.0,"gold_gain":0.0,"event_name":"Scrap Ooze","player_choice":"Success","floor":10.0,"gold_loss":0.0,"damage_taken":26.0,"relics_obtained":["Bag of Marbles"]},{"damage_healed":0.0,"max_hp_gain":0.0,"max_hp_loss":0.0,"gold_gain":0.0,"event_name":"Living Wall","player_choice":"Grow","floor":13.0,"gold_loss":0.0,"damage_taken":0.0,"cards_upgraded":["Fiend Fire"]},{"damage_healed":0.0,"max_hp_gain":0.0,"max_hp_loss":43.0,"gold_gain":0.0,"event_name":"Ghosts","player_choice":"Became a Ghost","floor":28.0,"gold_loss":0.0,"damage_taken":0.0,"cards_obtained":["Ghostly","Ghostly","Ghostly"]},{"damage_healed":0.0,"max_hp_gain":0.0,"max_hp_loss":0.0,"gold_gain":50.0,"event_name":"Nest","player_choice":"Stole From Cult","floor":29.0,"gold_loss":0.0,"damage_taken":0.0},{"damage_healed":0.0,"max_hp_gain":0.0,"max_hp_loss":0.0,"gold_gain":0.0,"event_name":"SensoryStone","player_choice":"Memory 3","floor":37.0,"gold_loss":0.0,"damage_taken":10.0},{"damage_healed":0,"gold_gain":0,"player_choice":"Fight","damage_taken":0,"max_hp_gain":0,"max_hp_loss":0,"event_name":"Mysterious Sphere","floor":44,"gold_loss":0}],"is_beta":false,"boss_relics":[{"not_picked":["SlaversCollar","Runic Cube"],"picked":"Pandora\u0027s Box"},{"not_picked":["Astrolabe","Cursed Key"],"picked":"Snecko Eye"}],"items_purged_floors":[20,30,48,54],"is_endless":false,"potions_floor_spawned":[3,4,14,16,18,19,31,36,40,44],"ascension_level":20,"potion_discard_per_floor":[[],[],[],["GamblersBrew"],[],[],[],[],[],[],[],[],[],[],[],[],[],[],[],[],[],[],[],[],[],[],[],[],[],[],[],[],[],[],[],[],[],[],[],[],[],[],[],[],[],[],[],[],[],[],[],[],[],[],[],[],[]]}