{"neow_bonuses_skipped_log":["THREE_ENEMY_KILL","TWENTY_PERCENT_HP_BONUS","BOSS_RELIC"],"neow_costs_skipped_log":["NONE","CURSE","NONE"],"potions_obtained_entropic_brew":[[],[],[],[],[],[],[],["GamblersBrew","AttackPotion"],[],[],[],["Fruit Juice","Weak Potion"],[],[],[],[]],"gold_per_floor":[117,131,3,13,27,62,62,89,89,100,250,46,65,91,91,91],"floor_reached":16,"playtime":1032,"items_purged":["Doubt"],"score":244,"play_id":"16d5d151-9afc-4f60-a8c0-a76f99b556cc","local_time":"20240316225915","score_breakdown":["Floors Climbed (16): 80","Enemies Slain (6): 12","Exordium Elites Killed (3): 30","Bosses Slain (0): 0","Ascension (20): 122"],"is_ascension_mode":true,"potions_obtained_alchemize":[[],[],[],[],[],[],[],[],[],[],[],[],[],[],[],[]],"campfire_choices":[{"data":"Bludgeon","floor":7,"key":"SMITH"},{"data":"Mind Blast","floor":15,"key":"SMITH"}],"lesson_learned_per_floor":[[],[],[],[],[],[],[],[],[],[],[],[],[],[],[],[]],"neow_cost":"NONE","improvable_cards":{},"seed_source_timestamp":125074049868084,"shop_contents":[{"floor":3,"relics":["Dream Catcher","Boot","Membership Card"],"cards":["Headbutt","Havoc","Exhume","Combust","Flash of Steel","Secret Weapon"],"potions":["Swift Potion","SkillPotion"]},{"floor":12,"relics":["Juzu Bracelet","Strawberry","Frozen Eye"],"cards":["Rampage","Headbutt","Warcry","Rupture","Deep Breath","Thinking Ahead"],"potions":["Regen Potion","Fruit Juice"]}],"circlet_count":0,"master_deck":["AscendersBane","Strike_R","Strike_R","Strike_R","Strike_R","Strike_R","Defend_R","Defend_R","Defend_R","Defend_R","Bash","Mind Blast+1","Twin Strike","Combust","Bludgeon+1","Perfected Strike","Infernal Blade","Second Wind","Double Tap","Whirlwind","Burning Pact","Battle Trance","Battle Trance"],"potion_use_per_floor":[[],[],[],[],[],["BlessingOfTheForge"],[],["EntropicBrew","AttackPotion"],[],["GamblersBrew"],[],["EntropicBrew","Fruit Juice"],[],[],[],["Swift Potion","DuplicationPotion"]],"relics":["Burning Blood","Mango","Turnip","Bag of Marbles","Peace Pipe"],"potions_floor_usage":[6,8,8,10,12,12,16,16],"damage_taken":[{"damage":0,"enemies":"Small Slimes","floor":1,"turns":4},{"damage":2,"enemies":"2 Louse","floor":2,"turns":4},{"damage":11,"enemies":"Jaw Worm","floor":4,"turns":3},{"damage":6,"enemies":"Looter","floor":5,"turns":2},{"damage":10,"enemies":"3 Sentries","floor":6,"turns":4},{"damage":34,"enemies":"Lagavulin","floor":8,"turns":5},{"damage":20,"enemies":"Gremlin Gang","floor":10,"turns":4},{"damage":12,"enemies":"Large Slime","floor":13,"turns":2},{"damage":23,"enemies":"3 Sentries","floor":14,"turns":4},{"damage":28,"enemies":"Hexaghost","floor":16,"turns":7}],"seed_played":"-440727615309102498","neow_bonus_log":{"cardsObtained":[],"cardsUpgraded":[],"cardsRemoved":[],"cardsTransformed":[],"relicsObtained":[],"maxHpGained":0,"goldGained":0,"damageTaken":0,"goldLost":0,"maxHpLost":0},"potions_obtained":[{"floor":1,"key":"Block Potion"},{"floor":4,"key":"EntropicBrew"},{"floor":8,"key":"EntropicBrew"},{"floor":13,"key":"Strength Potion"},{"floor":14,"key":"DuplicationPotion"}],"is_trial":false,"path_per_floor":["M","M","$","M","M","E","R","E","T","M","?","$","M","E","R","B"],"character_chosen":"IRONCLAD","basemod:card_modifiers":[null,null,null,null,null,null,null,null,null,null,null,null,null,null,null,null,null,null,null,null,null,null,null],"items_purchased":["Bludgeon","BlessingOfTheForge","Burning Pact","Swift Potion"],"campfire_rested":0,"item_purchase_floors":[3,3,12,12],"current_hp_per_floor":[74,75,75,70,70,80,80,52,52,38,38,43,37,20,20,0],"gold":91,"neow_bonus":"RANDOM_COLORLESS","is_prod":false,"is_daily":false,"rewards_skipped":[],"chose_seed":false,"campfire_upgraded":2,"win_rate":0,"floor_exit_playtime":[173,218,237,335,374,455,470,576,582,695,700,755,786,880,915],"timestamp":1710644355,"path_taken":["M","M","$","M","M","E","R","E","T","M","?","$","M","E","R","BOSS"],"build_version":"2022-12-01","purchased_purges":1,"victory":false,"max_hp_per_floor":[75,75,75,75,75,89,89,89,89,89,89,94,94,94,94,94],"relic_stats":{"Peace Pipe":0,"counters":[10,39],"Turnip":[0],"obtain_stats":[{"Peace Pipe":14,"Mango":6,"Turnip":8,"Bag of Marbles":9,"Burning Blood":0},{"Peace Pipe":9,"Mango":5,"Turnip":6,"Bag of Marbles":6,"Burning Blood":0},{"Peace Pipe":32,"Mango":17,"Turnip":22,"Bag of Marbles":22,"Burning Blood":0}],"Burning Blood":51},"card_choices":[{"not_picked":["Trip","Madness"],"picked":"Mind Blast","floor":0},{"not_picked":["Flex","Metallicize"],"picked":"Twin Strike","floor":1},{"not_picked":["Body Slam","Heavy Blade"],"picked":"Combust","floor":2},{"not_picked":["Clothesline","Body Slam"],"picked":"Perfected Strike","floor":4},{"not_picked":["Iron Wave","Heavy Blade"],"picked":"Infernal Blade","floor":5},{"not_picked":["Juggernaut","Sentinel"],"picked":"Second Wind","floor":6},{"not_picked":["Bloodletting","Clash"],"picked":"Double Tap","floor":8},{"not_picked":["Flex","Sword Boomerang"],"picked":"Whirlwind","floor":10},{"not_picked":["Dark Embrace","True Grit"],"picked":"Battle Trance","floor":13},{"not_picked":["Intimidate","Metallicize"],"picked":"Battle Trance","floor":14}],"player_experience":155343,"relics_obtained":[{"floor":6,"key":"Mango"},{"floor":8,"key":"Turnip"},{"floor":9,"key":"Bag of Marbles"},{"floor":14,"key":"Peace Pipe"}],"event_choices":[{"damage_healed":0,"gold_gain":150,"player_choice":"AGREE","damage_taken":0,"max_hp_gain":0,"max_hp_loss":0,"event_name":"Liars Game","floor":11,"gold_loss":0,"cards_obtained":["Doubt"]}],"is_beta":false,"boss_relics":[],"items_purged_floors":[12],"is_endless":false,"potions_floor_spawned":[1,4,8,13,14],"killed_by":"Hexaghost","ascension_level":20,"potion_discard_per_floor":[[],[],[],["Block Potion"],[],[],[],[],[],[],[],[],["Weak Potion"],["Strength Potion"],[],[]]}