{"neow_bonuses_skipped_log":["REMOVE_CARD","HUNDRED_GOLD","BOSS_RELIC"],"potions_obtained_entropic_brew":[[],[],[],[],[],[],[],[],[],[],[],[],[],[],[],[],[],[],[],[],[],[],[],[],[],[],[],[],[],[],[],[],[]],"neow_costs_skipped_log":["NONE","NONE","NONE"],"gold_per_floor":[362,372,522,532,552,563,241,241,241,88,88,116,116,116,116,192,192,202,214,227,247,74,109,109,159,206,219,231,231,247,276,276,276],"floor_reached":33,"playtime":2755,"items_purged":["Pain","Doubt"],"score":578,"play_id":"09cbfe70-d162-4c14-a4bf-f5abfecd5ce7","local_time":"20240310235606","score_breakdown":["Floors Climbed (33): 165","Enemies Slain (12): 24","Exordium Elites Killed (1): 10","City Elites Killed (2): 40","Bosses Slain (1): 50","Ascension (20): 289"],"is_ascension_mode":true,"potions_obtained_alchemize":[[],[],[],[],[],[],[],[],[],[],[],[],[],[],[],[],[],[],[],[],[],[],[],[],[],[],[],[],[],[],[],[],[]],"campfire_choices":[{"data":"Inflame","floor":8.0,"key":"SMITH"},{"floor":11.0,"key":"REST"},{"data":"Shockwave","floor":15,"key":"SMITH"},{"floor":24,"key":"REST"},{"floor":29,"key":"REST"},{"floor":32,"key":"REST"}],"lesson_learned_per_floor":[[],[],[],[],[],[],[],[],[],[],[],[],[],[],[],[],[],[],[],[],[],[],[],[],[],[],[],[],[],[],[],[],[]],"neow_cost":"CURSE","improvable_cards":{},"seed_source_timestamp":417749640505625,"shop_contents":[{"floor":7,"relics":["Strawberry","Pantograph"],"cards":["Perfected Strike","Reaper","Havoc","Inflame","Discovery","Transmutation"],"potions":["ColorlessPotion","AttackPotion"]},{"floor":10,"relics":["Oddly Smooth Stone","HornCleat","PrismaticShard"],"cards":["Searing Blow","Warcry","Flex","Inflame","Good Instincts","HandOfGreed"],"potions":["DuplicationPotion","DuplicationPotion","FearPotion"]},{"floor":22,"relics":["Regal Pillow","HandDrill"],"cards":["Searing Blow","Cleave","Shrug It Off","Spot Weakness","Combust","Jack Of All Trades","Metamorphosis"],"potions":["Energy Potion","Weak Potion","Explosive Potion"]}],"circlet_count":0,"master_deck":["AscendersBane","Strike_R","Strike_R","Strike_R","Strike_R","Strike_R","Defend_R","Defend_R","Defend_R","Defend_R","Bash","Evolve","Anger","Twin Strike","Inflame+1","Shockwave+1","Shrug It Off","Headbutt","Offering","Brutality","Immolate","Dropkick+1","Impervious","Dark Embrace","Bloodletting","Ghostly Armor+1","Spot Weakness+1"],"special_seed":0,"potion_use_per_floor":[[],[],[],["SkillPotion"],["SpeedPotion"],[],[],[],[],[],[],["Strength Potion"],[],[],[],[],[],["PowerPotion"],[],[],["BloodPotion"],[],[],[],[],[],[],["BloodPotion"],[],["ColorlessPotion"],[],[],["Strength Potion","Energy Potion"]],"relics":["Burning Blood","Sling","InkBottle","Boot","Fusion Hammer","PreservedInsect","Art of War","Centennial Puzzle","Sundial"],"potions_floor_usage":[12,18,21,28,30,33,33],"damage_taken":[{"damage":7.0,"enemies":"2 Louse","floor":1.0,"turns":4.0},{"damage":13.0,"enemies":"Jaw Worm","floor":2.0,"turns":4.0},{"damage":5.0,"enemies":"Cultist","floor":4.0,"turns":5.0},{"damage":17.0,"enemies":"3 Louse","floor":5.0,"turns":4.0},{"damage":29.0,"enemies":"Exordium Wildlife","floor":6.0,"turns":6.0},{"damage":2,"enemies":"Lagavulin","floor":12,"turns":5},{"damage":30,"enemies":"Hexaghost","floor":16,"turns":7},{"damage":22,"enemies":"2 Thieves","floor":18,"turns":3},{"damage":5,"enemies":"Chosen","floor":19,"turns":4},{"damage":10,"enemies":"Snake Plant","floor":20,"turns":3},{"damage":19,"enemies":"Centurion and Healer","floor":21,"turns":4},{"damage":13,"enemies":"Slavers","floor":23,"turns":4},{"damage":36,"enemies":"3 Cultists","floor":27,"turns":5},{"damage":28,"enemies":"Snake Plant","floor":28,"turns":5},{"damage":13,"enemies":"Centurion and Healer","floor":30,"turns":5},{"damage":22,"enemies":"Book of Stabbing","floor":31,"turns":5},{"damage":57,"enemies":"Collector","floor":33,"turns":8}],"green_key_taken_log":12,"seed_played":"1600380176542689340","neow_bonus_log":{"cardsObtained":["Pain"],"cardsUpgraded":[],"cardsRemoved":[],"cardsTransformed":[],"relicsObtained":[],"maxHpGained":0,"goldGained":250,"damageTaken":0,"goldLost":0,"maxHpLost":0},"potions_obtained":[{"floor":2.0,"key":"SkillPotion"},{"floor":4.0,"key":"SpeedPotion"},{"floor":6.0,"key":"Energy Potion"},{"floor":16,"key":"PowerPotion"},{"floor":19,"key":"BloodPotion"},{"floor":21,"key":"BloodPotion"},{"floor":28,"key":"ColorlessPotion"},{"floor":31,"key":"Strength Potion"}],"is_trial":false,"path_per_floor":["M","M","?","M","M","M","$","R","T","$","R","E","?","?","R","B",null,"M","M","M","M","$","E","R","?","T","M","M","R","M","E","R","B"],"character_chosen":"IRONCLAD","basemod:card_modifiers":[null,null,null,null,null,null,null,null,null,null,null,null,null,null,null,null,null,null,null,null,null,null,null,null,null,null,null],"items_purchased":["Shrug It Off","Sling","Strength Potion","Headbutt","PreservedInsect"],"campfire_rested":4,"item_purchase_floors":[7,7,7,10,22],"current_hp_per_floor":[67,60,60,61,50,27,27,27,27,27,49,53,58,58,58,34,69,53,54,50,53,53,46,70,62,62,32,26,50,43,27,51,0],"gold":276,"neow_bonus":"TWO_FIFTY_GOLD","is_prod":false,"is_daily":false,"rewards_skipped":[],"chose_seed":false,"campfire_upgraded":2,"win_rate":0,"floor_exit_playtime":[321,363,391,447,514,578,619,627,631,656,664,742,748,780,793,917,1044,1137,1215,1286,1419,1472,1612,1633,1648,1653,1828,1969,1973,2121,2383,2386],"timestamp":1710129366,"path_taken":["M","M","?","?","M","M","$","R","T","$","R","E","?","?","R","BOSS","M","M","M","?","$","E","R","?","T","M","M","R","M","E","R","BOSS"],"build_version":"2022-12-01","purchased_purges":2,"victory":false,"max_hp_per_floor":[75,75,75,75,75,75,75,75,75,75,75,75,80,80,80,80,80,80,80,80,80,80,80,80,80,80,80,80,80,80,80,80,80],"relic_stats":{"Centennial Puzzle":[15],"counters":[17,81],"Sundial":[0],"PreservedInsect":84,"Art of War":[4],"Boot":[5],"obtain_stats":[{"Centennial Puzzle":26,"Sundial":31,"Fusion Hammer":17,"PreservedInsect":22,"Art of War":23,"Sling":7,"Boot":12,"Burning Blood":0,"InkBottle":9},{"Centennial Puzzle":12,"Sundial":16,"Fusion Hammer":7,"PreservedInsect":11,"Art of War":12,"Sling":5,"Boot":6,"Burning Blood":0,"InkBottle":5},{"Centennial Puzzle":53,"Sundial":73,"Fusion Hammer":35,"PreservedInsect":49,"Art of War":53,"Sling":23,"Boot":28,"Burning Blood":0,"InkBottle":23}],"Burning Blood":96,"InkBottle":[23]},"card_choices":[{"not_picked":["Sentinel","Thunderclap"],"picked":"Evolve","floor":1.0},{"not_picked":["Battle Trance","Perfected Strike"],"picked":"Anger","floor":2.0},{"not_picked":["Anger","Warcry"],"picked":"Twin Strike","floor":4.0},{"not_picked":["True Grit","Pummel"],"picked":"Inflame","floor":5.0},{"not_picked":["Armaments","Metallicize"],"picked":"Shockwave","floor":6.0},{"not_picked":["Pummel","Havoc"],"picked":"Offering","floor":12},{"not_picked":["Juggernaut","Corruption"],"picked":"Immolate","floor":16},{"not_picked":["Headbutt","Clash","Clothesline"],"picked":"SKIP","floor":18},{"not_picked":["Perfected Strike","Warcry","Cleave"],"picked":"SKIP","floor":19},{"not_picked":["Hemokinesis","Pommel Strike"],"picked":"Dropkick+1","floor":20},{"not_picked":["Heavy Blade","Headbutt+1"],"picked":"Impervious","floor":21},{"not_picked":["Sever Soul","Twin Strike"],"picked":"Dark Embrace","floor":23},{"not_picked":["Thunderclap","Clothesline"],"picked":"Bloodletting","floor":27},{"not_picked":["Dual Wield","Fire Breathing"],"picked":"Ghostly Armor+1","floor":28},{"not_picked":["Iron Wave","Sentinel","Carnage"],"picked":"SKIP","floor":30},{"not_picked":["True Grit","Pommel Strike"],"picked":"Spot Weakness+1","floor":31}],"player_experience":149030,"relics_obtained":[{"floor":9.0,"key":"InkBottle"},{"floor":12,"key":"Boot"},{"floor":23,"key":"Art of War"},{"floor":26,"key":"Centennial Puzzle"},{"floor":31,"key":"Sundial"}],"event_choices":[{"damage_healed":0.0,"max_hp_gain":0.0,"max_hp_loss":0.0,"gold_gain":150.0,"event_name":"Liars Game","player_choice":"AGREE","floor":3.0,"gold_loss":0.0,"damage_taken":0.0,"cards_obtained":["Doubt"]},{"damage_healed":0,"gold_gain":0,"player_choice":"Donut","damage_taken":0,"max_hp_gain":5,"max_hp_loss":0,"event_name":"Big Fish","floor":13,"gold_loss":0},{"damage_healed":0,"gold_gain":0,"player_choice":"1 cards matched","damage_taken":0,"max_hp_gain":0,"max_hp_loss":0,"event_name":"Match and Keep!","floor":14,"gold_loss":0,"cards_obtained":["Brutality"]},{"damage_healed":0,"gold_gain":50,"player_choice":"Touch","damage_taken":8,"max_hp_gain":0,"max_hp_loss":0,"event_name":"FaceTrader","floor":25,"gold_loss":0}],"is_beta":false,"boss_relics":[{"not_picked":["Black Star","Tiny House"],"picked":"Fusion Hammer"}],"items_purged_floors":[7,10],"is_endless":false,"potions_floor_spawned":[2,4,6,16,19,21,28,31],"killed_by":"Collector","ascension_level":20,"potion_discard_per_floor":[[],[],[],[],[],[],[],[],[],[],[],[],[],[],[],[],[],[],[],[],[],[],[],[],[],[],[],[],[],[],[],[],[]]}