{"neow_bonuses_skipped_log":["THREE_CARDS","THREE_RARE_CARDS","BOSS_RELIC"],"potions_obtained_entropic_brew":[[],[],[],[],[],[],[],[],[],[],[],[],[],[],[],[],[],[],[],[],[],[],[],[],[],[],[],[],[],[],[],[],[],[],[],[],[],[],[],[],[],[],[],[],[],[],[],[],[],[],[],[],[],[],[],[],[]],"neow_costs_skipped_log":["NONE","NO_GOLD","NONE"],"gold_per_floor":[213,5,23,41,51,51,61,94,163,163,188,217,267,304,304,386,386,406,406,406,176,188,232,98,98,125,125,147,147,182,210,210,293,293,304,60,112,112,112,153,153,174,174,72,97,123,123,466,466,466,466,466,466,10,44,44],"floor_reached":57,"playtime":5477,"items_purged":["Anger","Strike_R","Strike_R","Strike_R"],"score":2807,"play_id":"1c0eebc3-477d-4960-b7f9-b8f51df42d26","local_time":"20240314220737","falling_options_log":["Heavy Blade+1","Demon Form"],"score_breakdown":["Floors Climbed (57): 285","Enemies Slain (13): 26","Exordium Elites Killed (3): 30","City Elites Killed (2): 40","Beyond Elites Killed (2): 60","Bosses Slain (5): 750","Money Money (1391): 25","Champion (2): 50","Overkill: 25","Ascension (20): 1266","Heartbreaker: 250"],"is_ascension_mode":true,"potions_obtained_alchemize":[[],[],[],[],[],[],[],[],[],[],[],[],[],[],[],[],[],[],[],[],[],[],[],[],[],[],[],[],[],[],[],[],[],[],[],[],[],[],[],[],[],[],[],[],[],[],[],[],[],[],[],[],[],[],[],[],[]],"campfire_choices":[{"data":"Carnage","floor":6.0,"key":"SMITH"},{"data":"Fiend Fire","floor":10.0,"key":"SMITH"},{"data":"Heavy Blade","floor":15.0,"key":"SMITH"},{"data":"Immolate","floor":25.0,"key":"SMITH"},{"data":"Disarm","floor":27.0,"key":"SMITH"},{"data":"Disarm","floor":32.0,"key":"SMITH"},{"floor":41.0,"key":"RECALL"},{"data":"1","floor":49,"key":"LIFT"},{"data":"2","floor":53,"key":"LIFT"}],"lesson_learned_per_floor":[[],[],[],[],[],[],[],[],[],[],[],[],[],[],[],[],[],[],[],[],[],[],[],[],[],[],[],[],[],[],[],[],[],[],[],[],[],[],[],[],[],[],[],[],[],[],[],[],[],[],[],[],[],[],[],[],[]],"neow_cost":"NONE","improvable_cards":{},"seed_source_timestamp":152342999616125,"shop_contents":[{"floor":2,"relics":["Bronze Scales","Meat on the Bone"],"cards":["Iron Wave","Burning Pact","Entrench","Combust","Impatience","The Bomb"],"potions":["BloodPotion","Ancient Potion","LiquidBronze"]},{"floor":21,"relics":["Bottled Lightning","Dream Catcher"],"cards":["Wild Strike","Thunderclap","Warcry","Havoc","Combust","Jack Of All Trades","Thinking Ahead"],"potions":["Weak Potion","SpeedPotion"]},{"floor":24,"relics":["Nunchaku","CaptainsWheel"],"cards":["Pommel Strike","Perfected Strike","Warcry","True Grit","Evolve","Purity","Secret Technique"],"potions":["HeartOfIron","BlessingOfTheForge","Ancient Potion"]},{"floor":36,"relics":["Pantograph","Toxic Egg 2"],"cards":["Anger","Iron Wave","Dual Wield","Rage","Combust","Enlightenment"],"potions":["Explosive Potion","ColorlessPotion","Dexterity Potion"]},{"floor":44,"relics":["Centennial Puzzle","Bag of Marbles","HandDrill"],"cards":["Hemokinesis","Exhume","Rupture","Swift Strike","Secret Technique"],"potions":["PowerPotion","Explosive Potion","BlessingOfTheForge"]},{"floor":54,"relics":["Unceasing Top"],"cards":["Headbutt","Anger","Inflame","Discovery"],"potions":["DistilledChaos","HeartOfIron"]}],"circlet_count":0,"master_deck":["AscendersBane","Strike_R","Defend_R","Defend_R","Defend_R","Bash","Spot Weakness","Carnage+1","Ghostly Armor","Disarm+1","Fire Breathing","Heavy Blade+1","Fiend Fire+1","Spot Weakness","Immolate+1","Demon Form","Headbutt","Disarm+1","Corruption","Apotheosis","Clothesline","Dark Embrace","Second Wind","Heavy Blade","Uppercut","Reaper","True Grit+1","Barricade","Shrug It Off","Impervious","Sentinel","Magnetism"],"special_seed":0,"potion_use_per_floor":[[],[],[],[],[],[],[],["SteroidPotion"],[],[],["Swift Potion"],[],[],["Swift Potion"],[],[],[],["SpeedPotion"],[],[],[],[],["Weak Potion"],[],[],[],[],[],[],[],[],[],[],[],["SpeedPotion"],[],["FearPotion"],[],[],[],[],[],[],[],["SkillPotion"],[],[],[],[],[],["CultistPotion"],[],[],[],[],["DuplicationPotion","SpeedPotion"],[]],"relics":["Burning Blood","Frozen Eye","Torii","CeramicFish","Odd Mushroom","Omamori","Snecko Eye","Nilry\u0027s Codex","Regal Pillow","Membership Card","Gremlin Horn","Lee\u0027s Waffle","Toy Ornithopter","Lantern","Cursed Key","Toolbox","TungstenRod","Girya","Old Coin","Calipers","Orrery","Art of War"],"potions_floor_usage":[51,56,56],"damage_taken":[{"damage":1.0,"enemies":"Cultist","floor":1.0,"turns":3.0},{"damage":5.0,"enemies":"2 Louse","floor":3.0,"turns":3.0},{"damage":7.0,"enemies":"Jaw Worm","floor":4.0,"turns":4.0},{"damage":6.0,"enemies":"2 Fungi Beasts","floor":5.0,"turns":3.0},{"damage":24.0,"enemies":"Lots of Slimes","floor":7.0,"turns":4.0},{"damage":11.0,"enemies":"Gremlin Nob","floor":8.0,"turns":3.0},{"damage":10.0,"enemies":"3 Sentries","floor":11.0,"turns":5.0},{"damage":2.0,"enemies":"The Mushroom Lair","floor":12.0,"turns":4.0},{"damage":15.0,"enemies":"Lagavulin","floor":14.0,"turns":3.0},{"damage":22.0,"enemies":"Hexaghost","floor":16.0,"turns":8.0},{"damage":11.0,"enemies":"Shell Parasite","floor":18.0,"turns":2.0},{"damage":0.0,"enemies":"Spheric Guardian","floor":22.0,"turns":1.0},{"damage":22.0,"enemies":"Slavers","floor":23.0,"turns":3.0},{"damage":9.0,"enemies":"Cultist and Chosen","floor":28.0,"turns":3.0},{"damage":0.0,"enemies":"Gremlin Leader","floor":30.0,"turns":4.0},{"damage":1.0,"enemies":"Chosen and Byrds","floor":31.0,"turns":3.0},{"damage":37.0,"enemies":"Champ","floor":33.0,"turns":7.0},{"damage":12.0,"enemies":"3 Shapes","floor":35.0,"turns":5.0},{"damage":30.0,"enemies":"2 Orb Walkers","floor":37.0,"turns":3.0},{"damage":26.0,"enemies":"Giant Head","floor":40.0,"turns":4.0},{"damage":0.0,"enemies":"Orb Walker","floor":42.0,"turns":1.0},{"damage":0.0,"enemies":"Jaw Worm Horde","floor":45.0,"turns":2.0},{"damage":0,"enemies":"4 Shapes","floor":46,"turns":2},{"damage":0,"enemies":"Nemesis","floor":48,"turns":3},{"damage":16,"enemies":"Time Eater","floor":50,"turns":6},{"damage":28,"enemies":"Donu and Deca","floor":51,"turns":4},{"damage":54,"enemies":"Shield and Spear","floor":55,"turns":4},{"damage":18,"enemies":"The Heart","floor":56,"turns":8}],"green_key_taken_log":23,"seed_played":"3959791442699094919","neow_bonus_log":{"cardsObtained":[],"cardsUpgraded":[],"cardsRemoved":[],"cardsTransformed":[],"relicsObtained":[],"maxHpGained":0,"goldGained":100,"damageTaken":0,"goldLost":0,"maxHpLost":0},"potions_obtained":[{"floor":3.0,"key":"SteroidPotion"},{"floor":5.0,"key":"Swift Potion"},{"floor":8.0,"key":"Swift Potion"},{"floor":16.0,"key":"SpeedPotion"},{"floor":22.0,"key":"Weak Potion"},{"floor":31.0,"key":"SpeedPotion"},{"floor":40.0,"key":"SkillPotion"},{"floor":42.0,"key":"DuplicationPotion"},{"floor":45.0,"key":"CultistPotion"}],"is_trial":false,"path_per_floor":["M","$","M","M","M","R","M","E","T","R","E","?","?","E","R","B",null,"M","?","?","$","M","E","$","R","T","R","M","?","E","M","R","B",null,"M","$","?","?","?","E","R","M","T","$","M","M","?","E","R","B","B",null,"R","$","E","B",null],"character_chosen":"IRONCLAD","basemod:card_modifiers":[null,null,null,null,null,null,null,null,null,null,null,null,null,null,null,null,null,null,null,null,null,null,null,null,null,null,null,null,null,null,null,null],"items_purchased":["Frozen Eye","Carnage","Membership Card","FearPotion","Lee\u0027s Waffle","Apotheosis","Toolbox","Second Wind","Heavy Blade","Calipers","Orrery","Impervious","Sentinel","Magnetism","SpeedPotion"],"campfire_rested":0,"item_purchase_floors":[2,2,21,21,24,36,36,44,44,54,54,54,54,54,54],"current_hp_per_floor":[73,73,74,73,73,73,55,50,50,50,46,50,50,41,41,25,63,58,37,37,37,43,27,82,82,82,82,79,79,82,82,82,51,74,73,73,54,54,54,34,34,40,40,40,51,57,82,82,82,82,82,82,82,82,82,74],"gold":44,"neow_bonus":"HUNDRED_GOLD","is_prod":false,"is_daily":false,"rewards_skipped":[],"chose_seed":false,"campfire_upgraded":6,"win_rate":0,"floor_exit_playtime":[144,187,253,314,362,372,483,548,565,588,729,831,855,1065,1076,1202,1253,1314,1369,1376,1415,1447,1601,1683,1695,1711,1717,1865,1903,2047,2129,2150,2496,2537,2751,2858,3127,3132,3136,3347,3360,3495,3504,3560,3728,3868,3881,4067,4075,4351,4568,4583,4590,4671,5079,5477],"timestamp":1710468457,"blue_key_relic_skipped_log":{"floor":9,"relicID":"Ornamental Fan"},"path_taken":["M","$","M","M","M","R","M","E","T","R","E","?","?","E","R","BOSS","M","?","?","$","M","E","$","R","T","R","?","?","E","M","R","BOSS","M","$","?","?","?","E","R","M","T","?","M","?","?","E","R","BOSS","BOSS","R","$","E","BOSS"],"build_version":"2022-12-01","purchased_purges":4,"victory":true,"max_hp_per_floor":[75,75,75,75,75,75,75,75,75,75,75,75,75,75,75,75,75,75,75,75,75,75,75,82,82,82,82,82,82,82,82,82,82,82,82,82,82,82,82,82,82,82,82,82,82,82,82,82,82,82,82,82,82,82,82,82],"relic_stats":{"Girya":2,"Regal Pillow":0,"Lee\u0027s Waffle":55,"Calipers":[0],"Torii":58,"Gremlin Horn":[15,15],"counters":[28,105],"Nilry\u0027s Codex":[4,18,7,17],"CeramicFish":180,"Omamori":1,"Cursed Key":0,"Burning Blood":136,"Frozen Eye":762.018,"Snecko Eye":[121,107,119,113,11],"Art of War":[2],"Membership Card":1063,"obtain_stats":[{"Girya":40,"Regal Pillow":20,"Lee\u0027s Waffle":24,"Lantern":30,"Calipers":54,"Torii":8,"Gremlin Horn":23,"Nilry\u0027s Codex":19,"CeramicFish":11,"Omamori":14,"Odd Mushroom":12,"Cursed Key":34,"Burning Blood":0,"Old Coin":48,"Frozen Eye":2,"Snecko Eye":17,"Toolbox":36,"Orrery":54,"Art of War":55,"Membership Card":21,"Toy Ornithopter":26,"TungstenRod":37},{"Girya":20,"Regal Pillow":11,"Lee\u0027s Waffle":13,"Lantern":15,"Calipers":26,"Torii":6,"Gremlin Horn":13,"Nilry\u0027s Codex":11,"CeramicFish":7,"Omamori":9,"Odd Mushroom":8,"Cursed Key":17,"Burning Blood":0,"Old Coin":24,"Frozen Eye":1,"Snecko Eye":10,"Toolbox":18,"Orrery":26,"Art of War":27,"Membership Card":11,"Toy Ornithopter":13,"TungstenRod":19},{"Girya":75,"Regal Pillow":42,"Lee\u0027s Waffle":46,"Lantern":53,"Calipers":93,"Torii":20,"Gremlin Horn":46,"Nilry\u0027s Codex":42,"CeramicFish":25,"Omamori":32,"Odd Mushroom":29,"Cursed Key":63,"Burning Blood":0,"Old Coin":83,"Frozen Eye":3,"Snecko Eye":40,"Toolbox":68,"Orrery":93,"Art of War":97,"Membership Card":42,"Toy Ornithopter":46,"TungstenRod":71}],"Toy Ornithopter":24,"TungstenRod":30},"card_choices":[{"not_picked":["Twin Strike","Wild Strike"],"picked":"Spot Weakness","floor":1.0},{"not_picked":["Rage","Reckless Charge"],"picked":"Ghostly Armor","floor":3.0},{"not_picked":["Warcry","Shrug It Off"],"picked":"Disarm","floor":4.0},{"not_picked":["Pommel Strike","Berserk"],"picked":"Fire Breathing","floor":5.0},{"not_picked":["Wild Strike","True Grit"],"picked":"Heavy Blade","floor":7.0},{"not_picked":["Twin Strike","Flex"],"picked":"Fiend Fire","floor":8.0},{"not_picked":["Iron Wave","Perfected Strike","Reckless Charge"],"picked":"SKIP","floor":11.0},{"not_picked":["Iron Wave","Shockwave"],"picked":"Anger","floor":12.0},{"not_picked":["Inflame","Uppercut"],"picked":"Spot Weakness","floor":14.0},{"not_picked":["Double Tap","Offering"],"picked":"Immolate","floor":16.0},{"not_picked":["Fire Breathing","Hemokinesis","Pommel Strike"],"picked":"SKIP","floor":18.0},{"not_picked":["Sword Boomerang","Wild Strike","Thunderclap"],"picked":"SKIP","floor":22.0},{"not_picked":["Sword Boomerang","Wild Strike","Thunderclap"],"picked":"SKIP","floor":22.0},{"not_picked":["Headbutt","Ghostly Armor"],"picked":"Demon Form","floor":23.0},{"not_picked":["Cleave","Twin Strike+1"],"picked":"Headbutt","floor":28.0},{"not_picked":["Iron Wave","Immolate","Flex+1"],"picked":"SKIP","floor":30.0},{"not_picked":["Wild Strike+1","Rage"],"picked":"Disarm","floor":31.0},{"not_picked":["Barricade","Juggernaut"],"picked":"Corruption","floor":33.0},{"not_picked":["Hemokinesis","Sever Soul","Anger+1"],"picked":"SKIP","floor":35.0},{"not_picked":["Dropkick","Flex+1","Carnage"],"picked":"SKIP","floor":37.0},{"not_picked":["Armaments","Clash"],"picked":"Clothesline","floor":40.0},{"not_picked":["Sever Soul","Rage+1"],"picked":"Dark Embrace","floor":42.0},{"not_picked":["Metallicize+1","Flex"],"picked":"Uppercut","floor":45.0},{"not_picked":["Spot Weakness","Seeing Red"],"picked":"Reaper","floor":46},{"not_picked":["Seeing Red","Iron Wave"],"picked":"True Grit+1","floor":48},{"not_picked":["Warcry","Evolve+1"],"picked":"Barricade","floor":54},{"not_picked":["Clash","Body Slam"],"picked":"Shrug It Off","floor":54},{"not_picked":["Perfected Strike+1","Cleave","Barricade"],"picked":"SKIP","floor":54},{"not_picked":["Anger","Cleave+1","Iron Wave"],"picked":"SKIP","floor":54},{"not_picked":["Metallicize","Flex","Pommel Strike+1"],"picked":"SKIP","floor":54},{"not_picked":["Wild Strike","Anger","Sword Boomerang"],"picked":"SKIP","floor":55}],"player_experience":127313,"relics_obtained":[{"floor":8.0,"key":"Torii"},{"floor":11.0,"key":"CeramicFish"},{"floor":12.0,"key":"Odd Mushroom"},{"floor":14.0,"key":"Omamori"},{"floor":19.0,"key":"Nilry\u0027s Codex"},{"floor":23.0,"key":"Gremlin Horn"},{"floor":26.0,"key":"Toy Ornithopter"},{"floor":30.0,"key":"Lantern"},{"floor":37.0,"key":"TungstenRod"},{"floor":40.0,"key":"Girya"},{"floor":48,"key":"Old Coin"},{"floor":55,"key":"Art of War"}],"event_choices":[{"damage_healed":0.0,"max_hp_gain":0.0,"max_hp_loss":0.0,"gold_gain":0.0,"event_name":"Mushrooms","player_choice":"Fought Mushrooms","floor":12.0,"gold_loss":0.0,"damage_taken":0.0},{"damage_healed":0.0,"max_hp_gain":0.0,"max_hp_loss":0.0,"gold_gain":50.0,"event_name":"Golden Shrine","player_choice":"Pray","floor":13.0,"gold_loss":0.0,"damage_taken":0.0},{"damage_healed":0.0,"max_hp_gain":0.0,"max_hp_loss":0.0,"gold_gain":0.0,"event_name":"Cursed Tome","player_choice":"Obtained Book","floor":19.0,"gold_loss":0.0,"damage_taken":21.0},{"damage_healed":0.0,"max_hp_gain":0.0,"max_hp_loss":0.0,"gold_gain":0.0,"event_name":"Addict","player_choice":"Stole Relic","floor":20.0,"gold_loss":0.0,"damage_taken":0.0,"relics_obtained":["Regal Pillow"],"cards_obtained":["Shame"]},{"cards_removed":["Strike_R"],"damage_healed":0.0,"max_hp_gain":0.0,"max_hp_loss":0.0,"gold_gain":0.0,"event_name":"Bonfire Elementals","player_choice":"Offered Basic","floor":29.0,"gold_loss":0.0,"damage_taken":0.0},{"damage_healed":0.0,"max_hp_gain":0.0,"max_hp_loss":0.0,"gold_gain":0.0,"event_name":"Mysterious Sphere","player_choice":"Fight","floor":37.0,"gold_loss":0.0,"damage_taken":0.0},{"cards_removed":["Defend_R"],"damage_healed":0.0,"max_hp_gain":0.0,"max_hp_loss":0.0,"gold_gain":0.0,"event_name":"Falling","player_choice":"Removed Skill","floor":38.0,"gold_loss":0.0,"damage_taken":0.0},{"damage_healed":0.0,"max_hp_gain":0.0,"max_hp_loss":0.0,"gold_gain":0.0,"event_name":"Tomb of Lord Red Mask","player_choice":"Ignored","floor":39.0,"gold_loss":0.0,"damage_taken":0.0},{"damage_healed":25,"gold_gain":0,"player_choice":"Full Heal","damage_taken":0,"max_hp_gain":0,"max_hp_loss":0,"event_name":"Wheel of Change","floor":47,"gold_loss":0}],"is_beta":false,"boss_relics":[{"not_picked":["Busted Crown","Runic Cube"],"picked":"Snecko Eye"},{"not_picked":["Fusion Hammer","Calling Bell"],"picked":"Cursed Key"}],"items_purged_floors":[21,24,36,44],"is_endless":false,"potions_floor_spawned":[3,5,8,16,22,31,40,42,45],"ascension_level":20,"potion_discard_per_floor":[[],[],[],[],[],[],[],[],[],[],[],[],[],[],[],[],[],[],[],[],[],[],[],[],[],[],[],[],[],[],[],[],[],[],[],[],[],[],[],[],[],[],[],[],[],[],[],[],[],[],[],[],[],[],[],[],[]]}