{"neow_bonuses_skipped_log":["ONE_RANDOM_RARE_CARD","THREE_ENEMY_KILL","TWENTY_PERCENT_HP_BONUS"],"potions_obtained_entropic_brew":[[],[],[],[],[],[],[],[],[],[],[],[],[],[]],"neow_costs_skipped_log":["NONE","NONE","NO_GOLD"],"gold_per_floor":[113,133,147,15,15,15,15,42,42,42,60,90,90,90],"floor_reached":14,"playtime":594,"items_purged":["Strike_R"],"score":196,"play_id":"c7c1af93-b005-4fc4-ac52-d1f187e90f9c","local_time":"20240315135923","score_breakdown":["Floors Climbed (14): 70","Enemies Slain (4): 8","Exordium Elites Killed (2): 20","Bosses Slain (0): 0","Ascension (20): 98"],"is_ascension_mode":true,"potions_obtained_alchemize":[[],[],[],[],[],[],[],[],[],[],[],[],[],[]],"campfire_choices":[{"floor":6,"key":"RECALL"},{"floor":10,"key":"REST"},{"floor":13,"key":"REST"}],"lesson_learned_per_floor":[[],[],[],[],[],[],[],[],[],[],[],[],[],[]],"neow_cost":"NONE","improvable_cards":{},"seed_source_timestamp":19502982958833,"shop_contents":[{"floor":4,"relics":["Matryoshka","Question Card","Frozen Eye"],"cards":["Uppercut","Pommel Strike","Shrug It Off","Entrench","Demon Form","Madness","Sadistic Nature"],"potions":["SmokeBomb","Explosive Potion"]}],"circlet_count":0,"master_deck":["AscendersBane","Strike_R","Strike_R","Strike_R","Strike_R","Defend_R","Defend_R","Defend_R","Defend_R","Bash","Flame Barrier","Rampage","Pain","Warcry","Seeing Red","Feed"],"potion_use_per_floor":[[],[],[],[],[],[],[],["Strength Potion"],[],[],["Regen Potion"],["AttackPotion"],[],["Weak Potion"]],"relics":["Fusion Hammer","WarpedTongs","Tiny Chest","Toxic Egg 2"],"potions_floor_usage":[8,11,12,14],"damage_taken":[{"damage":0,"enemies":"Cultist","floor":1,"turns":2},{"damage":0,"enemies":"Small Slimes","floor":2,"turns":3},{"damage":2,"enemies":"Jaw Worm","floor":3,"turns":3},{"damage":35,"enemies":"Gremlin Nob","floor":8,"turns":4},{"damage":32,"enemies":"Gremlin Gang","floor":11,"turns":7},{"damage":28,"enemies":"Lagavulin","floor":12,"turns":8},{"damage":55,"enemies":"Gremlin Nob","floor":14,"turns":4}],"seed_played":"-3071811217355132623","neow_bonus_log":{"cardsObtained":[],"cardsUpgraded":[],"cardsRemoved":[],"cardsTransformed":[],"relicsObtained":["Fusion Hammer"],"maxHpGained":0,"goldGained":0,"damageTaken":0,"goldLost":0,"maxHpLost":0},"potions_obtained":[{"floor":1,"key":"Regen Potion"},{"floor":8,"key":"AttackPotion"},{"floor":12,"key":"Weak Potion"}],"is_trial":false,"path_per_floor":["M","M","M","$","?","R","?","E","T","R","M","E","R","E"],"character_chosen":"IRONCLAD","basemod:card_modifiers":[null,null,null,null,null,null,null,null,null,null,null,null,null,null,null,null],"items_purchased":["Strength Potion"],"campfire_rested":2,"item_purchase_floors":[4],"current_hp_per_floor":[68,68,66,66,66,66,71,36,36,60,43,15,39,0],"gold":90,"neow_bonus":"BOSS_RELIC","is_prod":false,"is_daily":false,"rewards_skipped":[],"chose_seed":false,"campfire_upgraded":0,"win_rate":0,"floor_exit_playtime":[65,95,153,192,202,217,223,276,291,295,425,518,531],"timestamp":1710525563,"blue_key_relic_skipped_log":{"floor":9,"relicID":"Blood Vial"},"path_taken":["M","M","M","$","?","R","?","E","T","R","M","E","R","E"],"build_version":"2022-12-01","purchased_purges":1,"victory":false,"max_hp_per_floor":[75,75,75,75,75,75,80,80,80,80,80,80,80,80],"relic_stats":{"counters":[7,31],"Tiny Chest":0,"obtain_stats":[{"Tiny Chest":8,"Fusion Hammer":0,"Toxic Egg 2":12,"Burning Blood":0,"WarpedTongs":5},{"Tiny Chest":4,"Fusion Hammer":0,"Toxic Egg 2":6,"Burning Blood":0,"WarpedTongs":3},{"Tiny Chest":12,"Fusion Hammer":0,"Toxic Egg 2":27,"Burning Blood":0,"WarpedTongs":8}],"WarpedTongs":[23]},"card_choices":[{"not_picked":["Blood for Blood","Flex"],"picked":"Flame Barrier","floor":1},{"not_picked":["Shrug It Off","Thunderclap"],"picked":"Rampage","floor":2},{"not_picked":["Iron Wave","Flex","Wild Strike"],"picked":"SKIP","floor":3},{"not_picked":["Entrench","Anger"],"picked":"Warcry","floor":8},{"not_picked":["Thunderclap","Rampage"],"picked":"Seeing Red","floor":11},{"not_picked":["Metallicize","Entrench+1"],"picked":"Feed","floor":12}],"player_experience":143554,"relics_obtained":[{"floor":8,"key":"Tiny Chest"},{"floor":12,"key":"Toxic Egg 2"}],"event_choices":[{"damage_healed":0,"gold_gain":0,"player_choice":"Rummage","damage_taken":0,"relics_obtained":["WarpedTongs"],"max_hp_gain":0,"max_hp_loss":0,"event_name":"Accursed Blacksmith","floor":5,"gold_loss":0,"cards_obtained":["Pain"]},{"damage_healed":0,"gold_gain":0,"player_choice":"Donut","damage_taken":0,"max_hp_gain":5,"max_hp_loss":0,"event_name":"Big Fish","floor":7,"gold_loss":0}],"is_beta":false,"boss_relics":[],"items_purged_floors":[4],"is_endless":false,"potions_floor_spawned":[1,8,12],"killed_by":"Gremlin Nob","ascension_level":20,"potion_discard_per_floor":[[],[],[],[],[],[],[],[],[],[],[],[],[],[]]}