{"neow_bonuses_skipped_log":["RANDOM_COLORLESS","ONE_RARE_RELIC","BOSS_RELIC"],"neow_costs_skipped_log":["NONE","CURSE","NONE"],"potions_obtained_entropic_brew":[[],[],[],[],[],[],[],[],[],[],[],[],[],[],[],[],[],[],[],[],[],[],[],[],[],[],[],[],[],[],[],[],[]],"gold_per_floor":[116,131,150,150,169,202,202,202,229,229,255,271,68,79,79,157,157,176,193,21,76,76,76,86,86,86,86,86,112,112,166,166,166],"floor_reached":33,"playtime":2943,"items_purged":["Strike_R"],"score":590,"play_id":"d3a3e536-52b0-414d-8f5a-b9e4e17136d5","local_time":"20240312174858","score_breakdown":["Floors Climbed (33): 165","Enemies Slain (10): 20","Exordium Elites Killed (2): 20","City Elites Killed (2): 40","Bosses Slain (1): 50","Ascension (20): 295"],"is_ascension_mode":true,"potions_obtained_alchemize":[[],[],[],[],[],[],[],[],[],[],[],[],[],[],[],[],[],[],[],[],[],[],[],[],[],[],[],[],[],[],[],[],[]],"campfire_choices":[{"data":"Bash","floor":7.0,"key":"SMITH"},{"floor":10,"key":"REST"},{"data":"Armaments","floor":15,"key":"SMITH"},{"floor":23,"key":"REST"},{"data":"Immolate","floor":25,"key":"SMITH"},{"floor":28,"key":"REST"},{"data":"Bludgeon","floor":30,"key":"SMITH"},{"floor":32,"key":"REST"}],"lesson_learned_per_floor":[[],[],[],[],[],[],[],[],[],[],[],[],[],[],[],[],[],[],[],[],[],[],[],[],[],[],[],[],[],[],[],[],[]],"neow_cost":"NONE","improvable_cards":{},"seed_source_timestamp":1653989149791,"shop_contents":[{"floor":13,"relics":["White Beast Statue","InkBottle","Red Skull"],"cards":["Perfected Strike","Carnage","Warcry","Flex","Metallicize","Swift Strike","Magnetism"],"potions":["Swift Potion","BlessingOfTheForge","BloodPotion"]},{"floor":20,"relics":["Ornamental Fan","Unceasing Top","Du-Vu Doll"],"cards":["Clash","Pommel Strike","Flex","Warcry","Fire Breathing","Trip","Bandage Up"],"potions":["FairyPotion","LiquidMemories","Strength Potion"]}],"circlet_count":0,"master_deck":["AscendersBane","Strike_R","Strike_R","Strike_R","Defend_R","Defend_R","Defend_R","Defend_R","Bash+1","Clothesline","Iron Wave","Armaments+1","Dark Embrace","Offering","Bludgeon+1","Immolate+1","Power Through","Sever Soul+1","Disarm","Feed","Power Through","HandOfGreed","Battle Trance","True Grit","Shrug It Off+1","Offering","Whirlwind+1","Headbutt"],"special_seed":0,"potion_use_per_floor":[[],[],[],[],[],[],[],[],[],[],["Strength Potion"],[],[],[],[],[],[],[],[],[],["GamblersBrew"],[],[],[],[],[],[],[],[],[],["Fire Potion"],[],["SteroidPotion"]],"relics":["Burning Blood","Lantern","The Courier","Happy Flower","Ice Cream","Membership Card","Velvet Choker","Orrery","Blood Vial","Omamori"],"potions_floor_usage":[11,21,31,33],"damage_taken":[{"damage":9.0,"enemies":"Jaw Worm","floor":1.0,"turns":3.0},{"damage":4.0,"enemies":"Small Slimes","floor":2.0,"turns":4.0},{"damage":0.0,"enemies":"Cultist","floor":3.0,"turns":3.0},{"damage":27.0,"enemies":"Large Slime","floor":5.0,"turns":8.0},{"damage":29.0,"enemies":"3 Sentries","floor":6.0,"turns":12.0},{"damage":21,"enemies":"Lagavulin","floor":11,"turns":5},{"damage":3,"enemies":"Looter","floor":12,"turns":3},{"damage":7,"enemies":"Exordium Wildlife","floor":14,"turns":5},{"damage":13,"enemies":"The Guardian","floor":16,"turns":13},{"damage":18,"enemies":"Spheric Guardian","floor":18,"turns":4},{"damage":22,"enemies":"Shell Parasite","floor":19,"turns":5},{"damage":17,"enemies":"Shelled Parasite and Fungi","floor":21,"turns":7},{"damage":16,"enemies":"3 Cultists","floor":24,"turns":5},{"damage":21,"enemies":"Book of Stabbing","floor":29,"turns":6},{"damage":20,"enemies":"Slavers","floor":31,"turns":7},{"damage":98,"enemies":"Collector","floor":33,"turns":7}],"green_key_taken_log":29,"seed_played":"-988774187578105749","neow_bonus_log":{"cardsObtained":[],"cardsUpgraded":[],"cardsRemoved":[],"cardsTransformed":[],"relicsObtained":["Lantern"],"maxHpGained":0,"goldGained":0,"damageTaken":0,"goldLost":0,"maxHpLost":0},"potions_obtained":[{"floor":1.0,"key":"Strength Potion"},{"floor":6.0,"key":"GamblersBrew"},{"floor":11,"key":"Weak Potion"},{"floor":14,"key":"Fire Potion"},{"floor":24,"key":"SteroidPotion"}],"is_trial":false,"path_per_floor":["M","M","M","?","M","E","R","?","T","R","E","M","$","M","R","B",null,"M","M","$","M","?","R","M","R","T","?","R","E","R","E","R","B"],"character_chosen":"IRONCLAD","basemod:card_modifiers":[null,null,null,null,null,null,null,null,null,null,null,null,null,null,null,null,null,null,null,null,null,null,null,null,null,null,null,null],"items_purchased":["Membership Card","Bludgeon","Orrery","HandOfGreed","Battle Trance"],"campfire_rested":4,"item_purchase_floors":[13,13,20,20,20],"current_hp_per_floor":[65,67,73,62,41,18,18,18,18,40,25,28,28,27,27,20,61,49,33,33,22,11,33,26,26,26,26,49,38,38,29,54,0],"gold":166,"neow_bonus":"RANDOM_COMMON_RELIC","is_prod":false,"is_daily":false,"rewards_skipped":[{"floor":18,"relics":[],"potions":["DistilledChaos"]}],"chose_seed":false,"campfire_upgraded":4,"win_rate":0,"floor_exit_playtime":[149,201,342,368,481,667,696,708,721,736,827,914,968,1042,1085,1280,1400,1579,1688,1811,2017,2030,2058,2180,2193,2197,2251,2258,2383,2420,2635,2644],"timestamp":1710280138,"blue_key_relic_skipped_log":{"floor":26,"relicID":"Boot"},"path_taken":["M","M","M","?","?","E","R","?","T","R","E","M","$","M","R","BOSS","M","M","$","M","?","R","M","R","T","?","R","E","R","E","R","BOSS"],"build_version":"2022-12-01","purchased_purges":1,"victory":false,"max_hp_per_floor":[75,75,75,75,75,75,75,75,75,75,75,75,75,75,75,75,75,75,75,75,75,75,75,78,78,78,78,78,82,82,85,85,85],"relic_stats":{"Ice Cream":[68],"Blood Vial":4,"Happy Flower":[22],"counters":[16,97],"The Courier":372,"Omamori":0,"Membership Card":372,"obtain_stats":[{"Ice Cream":11,"Blood Vial":29,"Lantern":0,"Happy Flower":9,"Velvet Choker":17,"Orrery":20,"The Courier":6,"Omamori":31,"Membership Card":13,"Burning Blood":0},{"Ice Cream":6,"Blood Vial":14,"Lantern":0,"Happy Flower":5,"Velvet Choker":9,"Orrery":11,"The Courier":5,"Omamori":15,"Membership Card":7,"Burning Blood":0},{"Ice Cream":35,"Blood Vial":83,"Lantern":0,"Happy Flower":30,"Velvet Choker":56,"Orrery":65,"The Courier":30,"Omamori":90,"Membership Card":38,"Burning Blood":0}],"Burning Blood":90},"card_choices":[{"not_picked":["Evolve","Flex"],"picked":"Clothesline","floor":1.0},{"not_picked":["Flex","Seeing Red"],"picked":"Iron Wave","floor":2.0},{"not_picked":["Sever Soul","Perfected Strike"],"picked":"Armaments","floor":3.0},{"not_picked":["Rage","Perfected Strike"],"picked":"Dark Embrace","floor":5.0},{"not_picked":["Armaments","Thunderclap"],"picked":"Offering","floor":6.0},{"not_picked":["Armaments","Reckless Charge","Hemokinesis"],"picked":"SKIP","floor":11},{"not_picked":["Infernal Blade","Perfected Strike","Twin Strike"],"picked":"SKIP","floor":12},{"not_picked":["Sever Soul","Warcry","Pummel"],"picked":"SKIP","floor":14},{"not_picked":["Limit Break","Exhume"],"picked":"Immolate","floor":16},{"not_picked":["Infernal Blade","Flex","Cleave"],"picked":"SKIP","floor":18},{"not_picked":["Twin Strike","Body Slam"],"picked":"Power Through","floor":19},{"not_picked":["Clash","Sword Boomerang"],"picked":"Sever Soul+1","floor":20},{"not_picked":["Evolve","Clash"],"picked":"Disarm","floor":20},{"not_picked":["Shockwave","Warcry"],"picked":"Feed","floor":20},{"not_picked":["Thunderclap+1","Rupture"],"picked":"Power Through","floor":20},{"not_picked":["Body Slam","Rage","Armaments"],"picked":"SKIP","floor":20},{"not_picked":["Inflame+1","Body Slam"],"picked":"True Grit","floor":21},{"not_picked":["Wild Strike","Clash"],"picked":"Shrug It Off+1","floor":24},{"not_picked":["Flame Barrier","Sword Boomerang"],"picked":"Whirlwind+1","floor":29},{"not_picked":["Demon Form","Iron Wave"],"picked":"Headbutt","floor":31}],"player_experience":174848,"relics_obtained":[{"floor":6.0,"key":"The Courier"},{"floor":9,"key":"Happy Flower"},{"floor":11,"key":"Ice Cream"},{"floor":29,"key":"Blood Vial"},{"floor":31,"key":"Omamori"}],"event_choices":[{"damage_healed":0.0,"max_hp_gain":0.0,"max_hp_loss":0.0,"gold_gain":0.0,"event_name":"Scrap Ooze","player_choice":"Fled","floor":4.0,"gold_loss":0.0,"damage_taken":11.0},{"cards_removed":["Strike_R"],"damage_healed":0,"gold_gain":0,"player_choice":"Offered Basic","damage_taken":0,"max_hp_gain":0,"max_hp_loss":0,"event_name":"Bonfire Elementals","floor":8,"gold_loss":0},{"damage_healed":0,"gold_gain":0,"player_choice":"Damaged","damage_taken":11,"max_hp_gain":0,"max_hp_loss":0,"event_name":"Wheel of Change","floor":22,"gold_loss":0},{"damage_healed":0,"gold_gain":0,"player_choice":"Copied","damage_taken":0,"max_hp_gain":0,"max_hp_loss":0,"event_name":"Duplicator","floor":27,"gold_loss":0,"cards_obtained":["Offering"]}],"is_beta":false,"boss_relics":[{"not_picked":["Calling Bell","Runic Cube"],"picked":"Velvet Choker"}],"items_purged_floors":[13],"is_endless":false,"potions_floor_spawned":[1,6,11,14,18,24],"killed_by":"Collector","ascension_level":20,"potion_discard_per_floor":[[],[],[],[],[],[],[],[],[],[],[],[],[],["Weak Potion"],[],[],[],[],[],[],[],[],[],[],[],[],[],[],[],[],[],[],[]]}