{"neow_bonuses_skipped_log":["REMOVE_CARD","HUNDRED_GOLD","BOSS_RELIC"],"potions_obtained_entropic_brew":[[],[],[],[],[],[],[],[],[],[],[],[],[],[],[],[]],"neow_costs_skipped_log":["NONE","NONE","NONE"],"gold_per_floor":[366,366,380,37,48,78,78,113,113,132,152,178,193,243,243,243],"floor_reached":16,"playtime":783,"items_purged":[],"score":244,"play_id":"4dc11055-a2b7-414c-b88e-751405d8b1a8","local_time":"20240315134916","score_breakdown":["Floors Climbed (16): 80","Enemies Slain (6): 12","Exordium Elites Killed (3): 30","Bosses Slain (0): 0","Ascension (20): 122"],"is_ascension_mode":true,"potions_obtained_alchemize":[[],[],[],[],[],[],[],[],[],[],[],[],[],[],[],[]],"campfire_choices":[{"data":"Bash","floor":7,"key":"SMITH"},{"floor":15,"key":"REST"}],"lesson_learned_per_floor":[[],[],[],[],[],[],[],[],[],[],[],[],[],[],[],[]],"neow_cost":"TEN_PERCENT_HP_LOSS","improvable_cards":{},"seed_source_timestamp":18666892926750,"shop_contents":[{"floor":4,"relics":["Gremlin Horn","Anchor"],"cards":["Clothesline","Searing Blow","Power Through","Warcry","Blind","Secret Technique"],"potions":["BloodPotion","Energy Potion"]}],"circlet_count":0,"master_deck":["AscendersBane","Strike_R","Strike_R+1","Strike_R","Strike_R","Strike_R","Defend_R","Defend_R","Defend_R","Defend_R","Bash+1","Perfected Strike+1","Pommel Strike","Fire Breathing","Armaments","Dual Wield","Ghostly Armor","Anger","Dark Embrace"],"special_seed":0,"potion_use_per_floor":[[],[],[],[],[],["FearPotion"],[],[],[],[],["ColorlessPotion"],["DuplicationPotion"],[],[],[],["AttackPotion"]],"relics":["Burning Blood","OrangePellets","Paper Frog","Unceasing Top","Singing Bowl"],"potions_floor_usage":[6,11,12,16],"damage_taken":[{"damage":7.0,"enemies":"Jaw Worm","floor":1.0,"turns":3.0},{"damage":0.0,"enemies":"2 Louse","floor":3.0,"turns":2.0},{"damage":0,"enemies":"Small Slimes","floor":5,"turns":3},{"damage":6,"enemies":"Gremlin Nob","floor":6,"turns":3},{"damage":40,"enemies":"3 Sentries","floor":8,"turns":6},{"damage":7,"enemies":"Looter","floor":10,"turns":3},{"damage":9,"enemies":"Red Slaver","floor":11,"turns":2},{"damage":6,"enemies":"Gremlin Nob","floor":12,"turns":3},{"damage":8,"enemies":"Blue Slaver","floor":13,"turns":4},{"damage":45,"enemies":"Hexaghost","floor":16,"turns":7}],"green_key_taken_log":6,"seed_played":"-4935439333405148699","neow_bonus_log":{"cardsObtained":[],"cardsUpgraded":[],"cardsRemoved":[],"cardsTransformed":[],"relicsObtained":[],"maxHpGained":0,"goldGained":250,"damageTaken":0,"goldLost":0,"maxHpLost":7},"potions_obtained":[{"floor":3.0,"key":"FearPotion"},{"floor":10,"key":"ColorlessPotion"},{"floor":13,"key":"AttackPotion"}],"is_trial":false,"path_per_floor":["M","?","M","$","M","E","R","E","T","M","M","E","M","?","R","B"],"character_chosen":"IRONCLAD","basemod:card_modifiers":[null,null,null,null,null,null,null,null,null,null,null,null,null,null,null,null,null,null,null],"items_purchased":["OrangePellets","Fire Breathing","DuplicationPotion"],"campfire_rested":1,"item_purchase_floors":[4,4,4],"current_hp_per_floor":[67,47,53,53,59,59,59,25,25,24,21,23,23,16,37,0],"gold":243,"neow_bonus":"TWO_FIFTY_GOLD","is_prod":false,"is_daily":false,"rewards_skipped":[{"floor":5,"relics":[],"potions":["ElixirPotion"]}],"chose_seed":false,"campfire_upgraded":1,"win_rate":0,"floor_exit_playtime":[53,60,74,104,156,206,281,385,408,469,521,571,624,665,689],"timestamp":1710524956,"blue_key_relic_skipped_log":{"floor":9,"relicID":"Blue Candle"},"path_taken":["M","?","M","$","M","E","R","E","T","M","M","E","?","?","R","BOSS"],"build_version":"2022-12-01","purchased_purges":0,"victory":false,"max_hp_per_floor":[68,68,68,68,68,68,68,68,68,68,68,70,72,72,72,72],"relic_stats":{"OrangePellets":[0],"Singing Bowl":4,"counters":[10,36],"obtain_stats":[{"OrangePellets":4,"Singing Bowl":12,"Burning Blood":0,"Unceasing Top":8,"Paper Frog":6},{"OrangePellets":2,"Singing Bowl":8,"Burning Blood":0,"Unceasing Top":5,"Paper Frog":4},{"OrangePellets":5,"Singing Bowl":25,"Burning Blood":0,"Unceasing Top":17,"Paper Frog":11}],"Burning Blood":54,"Unceasing Top":[0]},"card_choices":[{"not_picked":["Flex","Shrug It Off"],"picked":"Perfected Strike","floor":1.0},{"not_picked":["Entrench","Sword Boomerang"],"picked":"Pommel Strike","floor":3.0},{"not_picked":["Flex","Sentinel"],"picked":"Armaments","floor":5},{"not_picked":["Heavy Blade","Rupture"],"picked":"Dual Wield","floor":6},{"not_picked":["Twin Strike","Cleave"],"picked":"Ghostly Armor","floor":8},{"not_picked":["True Grit","Clash"],"picked":"Anger","floor":10},{"not_picked":["Blood for Blood","Searing Blow"],"picked":"Dark Embrace","floor":11},{"not_picked":["True Grit","Heavy Blade","Ghostly Armor"],"picked":"Singing Bowl","floor":12},{"not_picked":["Havoc","Flex","Clash"],"picked":"Singing Bowl","floor":13}],"player_experience":142771,"relics_obtained":[{"floor":6,"key":"Paper Frog"},{"floor":8,"key":"Unceasing Top"},{"floor":12,"key":"Singing Bowl"}],"event_choices":[{"damage_healed":0.0,"max_hp_gain":0.0,"max_hp_loss":0.0,"gold_gain":0.0,"event_name":"Shining Light","player_choice":"Entered Light","floor":2.0,"gold_loss":0.0,"damage_taken":20.0,"cards_upgraded":["Perfected Strike","Strike_R"]},{"damage_healed":0,"gold_gain":50,"player_choice":"Touch","damage_taken":7,"max_hp_gain":0,"max_hp_loss":0,"event_name":"FaceTrader","floor":14,"gold_loss":0}],"is_beta":false,"boss_relics":[],"items_purged_floors":[],"is_endless":false,"potions_floor_spawned":[3,5,10,13],"killed_by":"Hexaghost","ascension_level":20,"potion_discard_per_floor":[[],[],[],[],[],[],[],[],[],[],[],[],[],[],[],[]]}