{"neow_bonuses_skipped_log":["REMOVE_CARD","THREE_SMALL_POTIONS","BOSS_RELIC"],"potions_obtained_entropic_brew":[[],[],[],[],[],[],[],[],[],[],[],[],[],[],[],[],[],[],[],[],[],[],[],[],[],[],[],[],[],[],[],[],[],[],[],[],[],[],[],[],[],[],[],[],[],[],[],[],[],[]],"neow_costs_skipped_log":["NONE","NONE","NONE"],"gold_per_floor":[111,27,27,27,47,47,72,72,97,130,148,19,39,65,65,144,144,164,178,178,198,30,30,55,55,81,91,91,108,125,151,151,229,229,247,259,269,10,0,0,28,43,43,43,62,72,72,98,98,98],"floor_reached":50,"playtime":3503,"items_purged":[],"score":1174,"play_id":"bbf8ede2-0570-455d-b366-2acd88e4a4dd","local_time":"20240311224348","score_breakdown":["Floors Climbed (50): 250","Enemies Slain (16): 32","Exordium Elites Killed (3): 30","City Elites Killed (2): 40","Beyond Elites Killed (2): 60","Bosses Slain (2): 150","Collector (1): 25","Librarian: 25","Ascension (20): 562"],"is_ascension_mode":true,"potions_obtained_alchemize":[[],[],[],[],[],[],[],[],[],[],[],[],[],[],[],[],[],[],[],[],[],[],[],[],[],[],[],[],[],[],[],[],[],[],[],[],[],[],[],[],[],[],[],[],[],[],[],[],[],[]],"campfire_choices":[{"data":"Bash","floor":6.0,"key":"SMITH"},{"data":"Cleave","floor":8.0,"key":"SMITH"},{"data":"Fire Breathing","floor":15.0,"key":"SMITH"},{"data":"Offering","floor":23.0,"key":"SMITH"},{"data":"Bloodletting","floor":25.0,"key":"SMITH"},{"data":"Battle Trance","floor":32,"key":"SMITH"},{"data":"Double Tap","floor":40,"key":"SMITH"},{"data":"Rage","floor":44,"key":"SMITH"},{"floor":47,"key":"RECALL"},{"data":"Shockwave","floor":49,"key":"SMITH"}],"lesson_learned_per_floor":[[],[],[],[],[],[],[],[],[],[],[],[],[],[],[],[],[],[],[],[],[],[],[],[],[],[],[],[],[],[],[],[],[],[],[],[],[],[],[],[],[],[],[],[],[],[],[],[],[],[]],"neow_cost":"TEN_PERCENT_HP_LOSS","improvable_cards":{},"seed_source_timestamp":495292111445125,"shop_contents":[{"floor":2,"relics":["Ancient Tea Set","Omamori","PrismaticShard"],"cards":["Thunderclap","Sword Boomerang","Flex","Infernal Blade","PanicButton","Secret Weapon"],"potions":["SkillPotion","Swift Potion","LiquidBronze"]},{"floor":12,"relics":["Boot","Regal Pillow","Toolbox"],"cards":["Carnage","Searing Blow","Flex","Sentinel","Jack Of All Trades","HandOfGreed"],"potions":["BlessingOfTheForge","DistilledChaos"]},{"floor":22,"relics":["StrikeDummy","Du-Vu Doll","Cauldron"],"cards":["Intimidate","Rupture","Forethought","The Bomb"],"potions":["AttackPotion","SpeedPotion","Regen Potion"]},{"floor":38,"relics":["Art of War","Ginger"],"cards":["Carnage+1","True Grit","Warcry","Enlightenment","Thinking Ahead"],"potions":["BlessingOfTheForge","Strength Potion","Regen Potion"]}],"circlet_count":0,"master_deck":["AscendersBane","Strike_R","Strike_R","Strike_R","Strike_R","Defend_R","Defend_R","Defend_R","Defend_R","Bash+1","Cleave","Fire Breathing+1","Anger","Cleave+1","Perfected Strike","Feel No Pain","Bloodletting+1","Shockwave+1","Offering+1","Perfected Strike+1","Headbutt+1","Double Tap+1","Battle Trance+1","Perfected Strike+1","Blood for Blood+1","Pommel Strike+1","Whirlwind+1","Pommel Strike+1","Rage+1","Impervious","Shrug It Off","Uppercut+1","Flame Barrier+1","Evolve","Heavy Blade+1","Evolve","Pommel Strike+1","Heavy Blade+1","Perfected Strike+1"],"special_seed":0,"potion_use_per_floor":[[],[],[],[],[],[],[],[],[],[],[],[],[],["Fire Potion"],[],[],[],["Explosive Potion"],["SneckoOil"],[],[],[],[],["Swift Potion"],[],[],[],[],[],[],["DuplicationPotion"],[],["FairyPotion"],[],[],[],[],[],[],[],["Regen Potion"],[],[],[],["Explosive Potion"],[],[],[],[],["Swift Potion"]],"relics":["Black Blood","TungstenRod","Bronze Scales","Oddly Smooth Stone","Bird Faced Urn","Molten Egg 2","Magic Flower","Sundial","Mark of Pain","Brimstone","Red Mask","Smiling Mask","Unceasing Top","Singing Bowl"],"potions_floor_usage":[31,41,45,50],"damage_taken":[{"damage":7.0,"enemies":"Jaw Worm","floor":1.0,"turns":5.0},{"damage":4.0,"enemies":"2 Louse","floor":5.0,"turns":3.0},{"damage":30.0,"enemies":"Gremlin Nob","floor":7.0,"turns":4.0},{"damage":32.0,"enemies":"Lagavulin","floor":10.0,"turns":6.0},{"damage":0.0,"enemies":"Cultist","floor":11.0,"turns":3.0},{"damage":1.0,"enemies":"Looter","floor":13.0,"turns":3.0},{"damage":12.0,"enemies":"3 Sentries","floor":14.0,"turns":5.0},{"damage":18.0,"enemies":"Slime Boss","floor":16.0,"turns":7.0},{"damage":25.0,"enemies":"Spheric Guardian","floor":18.0,"turns":4.0},{"damage":5.0,"enemies":"3 Byrds","floor":19.0,"turns":2.0},{"damage":30.0,"enemies":"Centurion and Healer","floor":21.0,"turns":6.0},{"damage":26.0,"enemies":"Book of Stabbing","floor":24.0,"turns":3.0},{"damage":19.0,"enemies":"3 Cultists","floor":27.0,"turns":4.0},{"damage":15.0,"enemies":"Cultist and Chosen","floor":29.0,"turns":4.0},{"damage":17.0,"enemies":"Snake Plant","floor":30.0,"turns":3.0},{"damage":9,"enemies":"Gremlin Leader","floor":31,"turns":3},{"damage":106,"enemies":"Automaton","floor":33,"turns":8},{"damage":2,"enemies":"3 Darklings","floor":35,"turns":2},{"damage":5,"enemies":"3 Shapes","floor":36,"turns":1},{"damage":56,"enemies":"Writhing Mass","floor":37,"turns":5},{"damage":28,"enemies":"Nemesis","floor":41,"turns":5},{"damage":43,"enemies":"Spire Growth","floor":42,"turns":4},{"damage":0,"enemies":"4 Shapes","floor":45,"turns":5},{"damage":12,"enemies":"Sphere and 2 Shapes","floor":46,"turns":4},{"damage":48,"enemies":"Reptomancer","floor":48,"turns":4},{"damage":84,"enemies":"Awakened One","floor":50,"turns":7}],"green_key_taken_log":14,"seed_played":"-8041980608410541242","neow_bonus_log":{"cardsObtained":[],"cardsUpgraded":[],"cardsRemoved":[],"cardsTransformed":[],"relicsObtained":["TungstenRod"],"maxHpGained":0,"goldGained":0,"damageTaken":0,"goldLost":0,"maxHpLost":7},"potions_obtained":[{"floor":11.0,"key":"Fire Potion"},{"floor":14.0,"key":"Dexterity Potion"},{"floor":16.0,"key":"Explosive Potion"},{"floor":18.0,"key":"SneckoOil"},{"floor":21.0,"key":"Swift Potion"},{"floor":27.0,"key":"DuplicationPotion"},{"floor":29.0,"key":"FairyPotion"},{"floor":36,"key":"Explosive Potion"},{"floor":37,"key":"Regen Potion"},{"floor":45,"key":"EssenceOfSteel"},{"floor":46,"key":"Strength Potion"},{"floor":48,"key":"Swift Potion"}],"is_trial":false,"path_per_floor":["M","$","?","?","M","R","E","R","T","E","M","$","M","E","R","B",null,"M","M","?","M","$","R","E","R","T","M","?","M","M","E","R","B",null,"M","M","M","$","?","R","E","M","T","R","M","M","R","E","R","B"],"character_chosen":"IRONCLAD","basemod:card_modifiers":[null,null,null,null,null,null,null,null,null,null,null,null,null,null,null,null,null,null,null,null,null,null,null,null,null,null,null,null,null,null,null,null,null,null,null,null,null,null,null],"items_purchased":["Fire Breathing","Feel No Pain","Fire Potion","Battle Trance","Perfected Strike+1","Blood for Blood+1","Evolve","Brimstone","Heavy Blade+1"],"campfire_rested":0,"item_purchase_floors":[2,12,12,22,22,22,38,38,38],"current_hp_per_floor":[67,67,67,72,73,73,49,49,49,23,31,31,40,38,38,30,62,53,62,62,48,48,48,36,36,36,38,38,47,51,63,63,50,67,73,73,41,41,41,41,59,43,43,43,70,73,73,49,49,0],"gold":98,"neow_bonus":"ONE_RARE_RELIC","is_prod":false,"is_daily":false,"rewards_skipped":[{"floor":30,"relics":[],"potions":["BlessingOfTheForge"]}],"chose_seed":false,"campfire_upgraded":9,"win_rate":0,"floor_exit_playtime":[116,149,159,164,194,217,259,277,281,382,439,480,522,620,641,780,886,1000,1117,1148,1255,1272,1308,1622,1644,1654,1754,1761,1839,1931,1981,2004,2239,2364,2430,2450,2633,2653,2661,2676,2795,2899,2904,2941,3048,3166,3171,3294,3315],"timestamp":1710211428,"blue_key_relic_skipped_log":{"floor":26,"relicID":"Strawberry"},"path_taken":["M","$","?","?","M","R","E","R","T","E","?","$","M","E","R","BOSS","M","M","?","M","$","R","E","R","T","M","?","M","M","E","R","BOSS","M","M","M","$","?","R","E","M","T","R","M","M","R","E","R","BOSS"],"build_version":"2022-12-01","purchased_purges":0,"victory":false,"max_hp_per_floor":[68,68,68,73,73,73,73,73,73,73,73,73,73,73,73,73,73,73,73,73,73,73,73,73,73,73,73,73,73,73,73,73,73,73,73,73,73,73,73,73,73,73,73,73,73,73,73,73,73,73],"relic_stats":{"Singing Bowl":0,"counters":[26,110],"Sundial":[2],"Bronze Scales":[222],"Bird Faced Urn":[95],"Black Blood":291,"Magic Flower":[102],"Smiling Mask":0,"obtain_stats":[{"Singing Bowl":48,"Oddly Smooth Stone":9,"Black Blood":17,"Magic Flower":24,"Smiling Mask":41,"Burning Blood":0,"Sundial":31,"Brimstone":38,"Bronze Scales":7,"Bird Faced Urn":10,"Molten Egg 2":14,"Mark of Pain":34,"Red Mask":39,"TungstenRod":0,"Unceasing Top":43},{"Singing Bowl":25,"Oddly Smooth Stone":3,"Black Blood":8,"Magic Flower":12,"Smiling Mask":21,"Burning Blood":0,"Sundial":16,"Brimstone":20,"Bronze Scales":3,"Bird Faced Urn":4,"Molten Egg 2":7,"Mark of Pain":17,"Red Mask":20,"TungstenRod":0,"Unceasing Top":22},{"Singing Bowl":103,"Oddly Smooth Stone":12,"Black Blood":36,"Magic Flower":51,"Smiling Mask":86,"Burning Blood":0,"Sundial":65,"Brimstone":81,"Bronze Scales":12,"Bird Faced Urn":18,"Molten Egg 2":29,"Mark of Pain":73,"Red Mask":81,"TungstenRod":0,"Unceasing Top":90}],"TungstenRod":80,"Unceasing Top":[0]},"card_choices":[{"not_picked":["Pommel Strike","Shrug It Off"],"picked":"Cleave","floor":1.0},{"not_picked":["Cleave","Heavy Blade"],"picked":"Anger","floor":5.0},{"not_picked":["Exhume","Warcry"],"picked":"Cleave","floor":7.0},{"not_picked":["Rage","Burning Pact"],"picked":"Perfected Strike","floor":10.0},{"not_picked":["Combust","Thunderclap","Clothesline"],"picked":"SKIP","floor":11.0},{"not_picked":["Combust","Thunderclap","Clothesline"],"picked":"SKIP","floor":11.0},{"not_picked":["Combust","Thunderclap","Clothesline"],"picked":"SKIP","floor":11.0},{"not_picked":["Fire Breathing","Iron Wave"],"picked":"Bloodletting","floor":13.0},{"not_picked":["Flex","Entrench"],"picked":"Shockwave","floor":14.0},{"not_picked":["Berserk","Bludgeon+1"],"picked":"Offering","floor":16.0},{"not_picked":["Clothesline+1","Evolve"],"picked":"Perfected Strike+1","floor":18.0},{"not_picked":["Sword Boomerang+1","Clash+1"],"picked":"Headbutt+1","floor":19.0},{"not_picked":["Headbutt+1","Flex"],"picked":"Double Tap","floor":21.0},{"not_picked":["Shrug It Off","Fiend Fire+1"],"picked":"Pommel Strike+1","floor":24.0},{"not_picked":["Clash+1","Warcry","Metallicize+1"],"picked":"SKIP","floor":27.0},{"not_picked":["Clothesline+1","Dual Wield"],"picked":"Whirlwind+1","floor":29.0},{"not_picked":["Seeing Red","Wild Strike+1"],"picked":"Pommel Strike+1","floor":30.0},{"not_picked":["Body Slam+1","Shrug It Off"],"picked":"Rage","floor":31},{"not_picked":["Bludgeon+1","Barricade"],"picked":"Impervious","floor":33},{"not_picked":["Spot Weakness","Heavy Blade+1"],"picked":"Shrug It Off","floor":35},{"not_picked":["Clothesline+1","True Grit"],"picked":"Uppercut+1","floor":36},{"not_picked":["Iron Wave+1","Intimidate"],"picked":"Flame Barrier+1","floor":37},{"not_picked":["Evolve","Metallicize","Berserk"],"picked":"SKIP","floor":41},{"not_picked":["Evolve","Metallicize","Berserk"],"picked":"SKIP","floor":41},{"not_picked":["Metallicize","Berserk"],"picked":"Evolve","floor":41},{"not_picked":["Evolve","Reckless Charge+1"],"picked":"Pommel Strike+1","floor":42},{"not_picked":["Flex+1","Armaments+1"],"picked":"Heavy Blade+1","floor":45},{"not_picked":["Havoc","Iron Wave+1","Combust+1"],"picked":"SKIP","floor":46},{"not_picked":["Combust+1","Second Wind+1"],"picked":"Perfected Strike+1","floor":48}],"player_experience":159616,"relics_obtained":[{"floor":7.0,"key":"Bronze Scales"},{"floor":9.0,"key":"Oddly Smooth Stone"},{"floor":10.0,"key":"Bird Faced Urn"},{"floor":14.0,"key":"Molten Egg 2"},{"floor":24.0,"key":"Magic Flower"},{"floor":31,"key":"Sundial"},{"floor":41,"key":"Smiling Mask"},{"floor":43,"key":"Unceasing Top"},{"floor":48,"key":"Singing Bowl"}],"event_choices":[{"damage_healed":0.0,"max_hp_gain":0.0,"max_hp_loss":0.0,"gold_gain":0.0,"event_name":"Liars Game","player_choice":"Ignored","floor":3.0,"gold_loss":0.0,"damage_taken":0.0},{"damage_healed":0.0,"max_hp_gain":5.0,"max_hp_loss":0.0,"gold_gain":0.0,"event_name":"Big Fish","player_choice":"Donut","floor":4.0,"gold_loss":0.0,"damage_taken":0.0},{"cards_removed":["Strike_R"],"damage_healed":0.0,"max_hp_gain":0.0,"max_hp_loss":0.0,"gold_gain":0.0,"event_name":"Purifier","player_choice":"Purged","floor":20.0,"gold_loss":0.0,"damage_taken":0.0},{"damage_healed":0.0,"max_hp_gain":0.0,"max_hp_loss":0.0,"gold_gain":0.0,"event_name":"The Mausoleum","player_choice":"Ignored","floor":28.0,"gold_loss":0.0,"damage_taken":0.0},{"damage_healed":0,"gold_gain":0,"player_choice":"Paid","damage_taken":0,"relics_obtained":["Red Mask"],"max_hp_gain":0,"max_hp_loss":0,"event_name":"Tomb of Lord Red Mask","floor":39,"gold_loss":10}],"is_beta":false,"boss_relics":[{"not_picked":["Astrolabe","Fusion Hammer"],"picked":"Black Blood"},{"not_picked":["Calling Bell","Runic Pyramid"],"picked":"Mark of Pain"}],"items_purged_floors":[],"is_endless":false,"potions_floor_spawned":[11,14,16,18,21,27,29,30,36,37,45,46,48],"killed_by":"Awakened One","ascension_level":20,"potion_discard_per_floor":[[],[],[],[],[],[],[],[],[],[],[],[],[],[],[],["Dexterity Potion"],[],[],[],[],[],[],[],[],[],[],[],[],["Fire Potion"],[],[],[],[],[],[],[],[],[],[],[],[],[],[],[],[],[],[],["EssenceOfSteel"],[],[]]}