{"neow_bonuses_skipped_log":["RANDOM_COLORLESS","TRANSFORM_TWO_CARDS","BOSS_RELIC"],"neow_costs_skipped_log":["NONE","NO_GOLD","NONE"],"potions_obtained_entropic_brew":[[],[],[],[],[],[],[],[],[],[],[],[],[],[],[],[],[],[],[],[],[],[],[],[],[],[],[],[]],"gold_per_floor":[118,118,132,207,221,253,253,273,320,320,333,5,5,39,39,112,112,123,123,43,43,62,62,62,72,72,84,84],"floor_reached":28,"playtime":2932,"items_purged":["Strike_R"],"score":481,"play_id":"a7908c7f-0596-4cfb-80c1-8518ed964768","local_time":"20240313224156","score_breakdown":["Floors Climbed (28): 140","Enemies Slain (9): 18","Exordium Elites Killed (2): 20","City Elites Killed (0): 0","Bosses Slain (1): 50","Collector (1): 25","Ascension (20): 228"],"is_ascension_mode":true,"potions_obtained_alchemize":[[],[],[],[],[],[],[],[],[],[],[],[],[],[],[],[],[],[],[],[],[],[],[],[],[],[],[],[]],"campfire_choices":[{"data":"Whirlwind","floor":7.0,"key":"SMITH"},{"floor":10.0,"key":"REST"},{"data":"Flame Barrier","floor":13.0,"key":"SMITH"},{"floor":15.0,"key":"REST"},{"data":"True Grit","floor":24.0,"key":"SMITH"}],"lesson_learned_per_floor":[[],[],[],[],[],[],[],[],[],[],[],[],[],[],[],[],[],[],[],[],[],[],[],[],[],[],[],[]],"neow_cost":"NONE","improvable_cards":{},"seed_source_timestamp":0,"shop_contents":[{"floor":12,"relics":["Self Forming Clay","Akabeko"],"cards":["Searing Blow","Headbutt","Flex","Rupture","Bandage Up"],"potions":["Dexterity Potion","SpeedPotion","CultistPotion"]},{"floor":20,"relics":["Pantograph","Strange Spoon"],"cards":["Heavy Blade","Pommel Strike","Warcry","Seeing Red","Juggernaut","Dramatic Entrance","Sadistic Nature"],"potions":["Strength Potion","DuplicationPotion","BlessingOfTheForge"]}],"circlet_count":0,"master_deck":["AscendersBane","Defend_R","Defend_R","Defend_R","Defend_R","Bash+1","Armaments","Whirlwind+1","Dropkick","Battle Trance","Twin Strike","Impervious","Flame Barrier+1","Master of Strategy","True Grit+1","Feed","Havoc","Bite","Bite","Bite","Bite","Sentinel","J.A.X.","Headbutt"],"special_seed":0,"potion_use_per_floor":[[],[],[],[],[],["Dexterity Potion"],[],[],[],[],[],[],[],["Strength Potion","Weak Potion"],[],[],[],[],[],[],[],[],[],[],[],[],["GamblersBrew","Fire Potion"],[]],"relics":["Burning Blood","Juzu Bracelet","WingedGreaves","Membership Card","Bottled Flame","Runic Pyramid","Happy Flower","StrikeDummy"],"potions_floor_usage":[27,27],"damage_taken":[{"damage":0.0,"enemies":"Small Slimes","floor":1.0,"turns":6.0},{"damage":1.0,"enemies":"2 Louse","floor":3.0,"turns":2.0},{"damage":2.0,"enemies":"Cultist","floor":5.0,"turns":4.0},{"damage":48.0,"enemies":"Lagavulin","floor":6.0,"turns":8.0},{"damage":14.0,"enemies":"Exordium Thugs","floor":8.0,"turns":5.0},{"damage":2.0,"enemies":"3 Louse","floor":11.0,"turns":2.0},{"damage":29.0,"enemies":"Gremlin Nob","floor":14.0,"turns":4.0},{"damage":40.0,"enemies":"The Guardian","floor":16.0,"turns":21.0},{"damage":0.0,"enemies":"Chosen","floor":18.0,"turns":7.0},{"damage":13.0,"enemies":"Shell Parasite","floor":22.0,"turns":9.0},{"damage":45.0,"enemies":"Sentry and Sphere","floor":25.0,"turns":8.0},{"damage":22,"enemies":"Snecko","floor":27,"turns":6},{"damage":37,"enemies":"Shelled Parasite and Fungi","floor":28,"turns":2}],"green_key_taken_log":14,"seed_played":"-9078511122926704454","neow_bonus_log":{"cardsObtained":[],"cardsUpgraded":[],"cardsRemoved":[],"cardsTransformed":[],"relicsObtained":["Juzu Bracelet"],"maxHpGained":0,"goldGained":0,"damageTaken":0,"goldLost":0,"maxHpLost":0},"potions_obtained":[{"floor":3.0,"key":"Dexterity Potion"},{"floor":6.0,"key":"Strength Potion"},{"floor":11.0,"key":"Weak Potion"},{"floor":16.0,"key":"GamblersBrew"},{"floor":22.0,"key":"GamblersBrew"},{"floor":25.0,"key":"Fire Potion"}],"is_trial":false,"path_per_floor":["M","?","M","?","M","E","R","M","T","R","M","$","R","E","R","B",null,"M","?","$","?","M","?","R","M","T","M","M"],"character_chosen":"IRONCLAD","basemod:card_modifiers":[null,null,null,null,null,null,null,null,null,null,null,null,null,null,null,null,null,null,null,null,null,null,null,null],"items_purchased":["Membership Card","Flame Barrier","Master of Strategy","Happy Flower"],"campfire_rested":2,"item_purchase_floors":[12,12,12,20],"current_hp_per_floor":[74,74,75,64,68,26,26,18,18,40,44,44,44,21,43,9,59,69,55,55,55,58,58,58,35,35,29,0],"gold":84,"neow_bonus":"RANDOM_COMMON_RELIC","is_prod":false,"is_daily":false,"rewards_skipped":[],"chose_seed":false,"campfire_upgraded":3,"win_rate":0,"floor_exit_playtime":[270,292,322,327,420,671,682,855,867,883,929,990,1012,1088,1109,1471,1516,1658,1684,1762,1783,2045,2205,2215,2645,2656,2875],"timestamp":1710384116,"blue_key_relic_skipped_log":{"floor":9,"relicID":"Boot"},"path_taken":["M","?","M","?","M","E","R","M","T","R","M","$","R","E","R","BOSS","M","?","$","?","M","?","R","M","T","M","M"],"build_version":"2022-12-01","purchased_purges":1,"victory":false,"max_hp_per_floor":[75,75,75,75,75,75,75,75,75,75,75,75,75,75,75,75,75,79,55,55,55,59,59,59,62,62,66,66],"relic_stats":{"Bottled Flame":"Whirlwind","Happy Flower":[8],"counters":[13,84],"WingedGreaves":3,"Juzu Bracelet":0,"Membership Card":247,"obtain_stats":[{"Bottled Flame":14,"Happy Flower":20,"WingedGreaves":6,"Juzu Bracelet":0,"Membership Card":12,"StrikeDummy":26,"Burning Blood":0,"Runic Pyramid":17},{"Bottled Flame":7,"Happy Flower":9,"WingedGreaves":4,"Juzu Bracelet":0,"Membership Card":6,"StrikeDummy":11,"Burning Blood":0,"Runic Pyramid":8},{"Bottled Flame":31,"Happy Flower":59,"WingedGreaves":20,"Juzu Bracelet":0,"Membership Card":27,"StrikeDummy":76,"Burning Blood":0,"Runic Pyramid":52}],"Burning Blood":68},"card_choices":[{"not_picked":["Iron Wave","Heavy Blade"],"picked":"Armaments","floor":1.0},{"not_picked":["Inflame","Spot Weakness"],"picked":"Whirlwind","floor":3.0},{"not_picked":["Thunderclap","Entrench"],"picked":"Dropkick","floor":5.0},{"not_picked":["Heavy Blade","Rage"],"picked":"Battle Trance","floor":6.0},{"not_picked":["Warcry","Rage"],"picked":"Twin Strike","floor":8.0},{"not_picked":["Anger","Infernal Blade"],"picked":"Impervious","floor":11.0},{"not_picked":["Dropkick","Perfected Strike"],"picked":"True Grit","floor":14.0},{"not_picked":["Demon Form","Bludgeon"],"picked":"Feed","floor":16.0},{"not_picked":["True Grit","Sword Boomerang"],"picked":"Havoc","floor":18.0},{"not_picked":["Thunderclap","Battle Trance"],"picked":"Sentinel","floor":22.0},{"not_picked":["Anger","Rampage","Body Slam"],"picked":"SKIP","floor":25.0},{"not_picked":["Havoc+1","Barricade"],"picked":"Headbutt","floor":27}],"player_experience":189575,"relics_obtained":[{"floor":6.0,"key":"WingedGreaves"},{"floor":14.0,"key":"Bottled Flame"},{"floor":26.0,"key":"StrikeDummy"}],"event_choices":[{"damage_healed":0.0,"max_hp_gain":0.0,"max_hp_loss":0.0,"gold_gain":0.0,"event_name":"Upgrade Shrine","player_choice":"Upgraded","floor":2.0,"gold_loss":0.0,"damage_taken":0.0,"cards_upgraded":["Bash"]},{"damage_healed":0.0,"max_hp_gain":0.0,"max_hp_loss":0.0,"gold_gain":75.0,"event_name":"World of Goop","player_choice":"Gather Gold","floor":4.0,"gold_loss":0.0,"damage_taken":11.0},{"damage_healed":0.0,"max_hp_gain":0.0,"max_hp_loss":24.0,"gold_gain":0.0,"event_name":"Vampires","player_choice":"Became a vampire","floor":19.0,"gold_loss":0.0,"damage_taken":0.0,"cards_obtained":["Bite","Bite","Bite","Bite","Bite"]},{"cards_removed":["Bite"],"damage_healed":0.0,"max_hp_gain":0.0,"max_hp_loss":0.0,"gold_gain":0.0,"event_name":"Back to Basics","player_choice":"Elegance","floor":21.0,"gold_loss":0.0,"damage_taken":0.0},{"damage_healed":0.0,"max_hp_gain":0.0,"max_hp_loss":0.0,"gold_gain":0.0,"event_name":"Drug Dealer","player_choice":"Obtain J.A.X.","floor":23.0,"gold_loss":0.0,"damage_taken":0.0,"cards_obtained":["J.A.X."]}],"is_beta":false,"boss_relics":[{"not_picked":["Black Star","Coffee Dripper"],"picked":"Runic Pyramid"}],"items_purged_floors":[12],"is_endless":false,"potions_floor_spawned":[3,6,11,16,22,25],"killed_by":"Shelled Parasite and Fungi","ascension_level":20,"potion_discard_per_floor":[[],[],[],[],[],[],[],[],[],[],[],[],[],[],[],[],[],[],[],[],[],[],[],[],["GamblersBrew"],[],[],[]]}