{"neow_bonuses_skipped_log":["TRANSFORM_CARD","RANDOM_COMMON_RELIC","BOSS_RELIC"],"potions_obtained_entropic_brew":[[],[],[],[],[],[],[],[],[],[],[],[],[],[],[],[],[],[],[],[],[],[],[],[],[],[],[],[],[],[],[],[],[]],"neow_costs_skipped_log":["NONE","NONE","NONE"],"gold_per_floor":[112,14,28,28,43,43,75,140,194,214,230,230,63,28,28,100,100,118,128,148,63,63,63,81,91,91,91,124,124,124,154,154,154],"floor_reached":33,"playtime":2955,"items_purged":["Defend_R"],"score":620,"play_id":"1030d5d6-303f-4a40-98a4-8f02301a0967","local_time":"20240312224354","score_breakdown":["Floors Climbed (33): 165","Enemies Slain (10): 20","Exordium Elites Killed (1): 10","City Elites Killed (2): 40","Bosses Slain (1): 50","Champion (1): 25","Ascension (20): 310"],"is_ascension_mode":true,"potions_obtained_alchemize":[[],[],[],[],[],[],[],[],[],[],[],[],[],[],[],[],[],[],[],[],[],[],[],[],[],[],[],[],[],[],[],[],[]],"campfire_choices":[{"data":"Hemokinesis","floor":6.0,"key":"SMITH"},{"data":"Bash","floor":15.0,"key":"SMITH"},{"floor":23,"key":"RECALL"},{"floor":30,"key":"REST"},{"floor":32,"key":"REST"}],"lesson_learned_per_floor":[[],[],[],[],[],[],[],[],[],[],[],[],[],[],[],[],[],[],[],[],[],[],[],[],[],[],[],[],[],[],[],[],[]],"neow_cost":"TEN_PERCENT_HP_LOSS","improvable_cards":{},"seed_source_timestamp":19294554603333,"shop_contents":[{"floor":2,"relics":["War Paint","Blood Vial","Sling"],"cards":["Blood for Blood","Sever Soul","Shrug It Off","Metallicize","Swift Strike","Thinking Ahead"],"potions":["SkillPotion","DuplicationPotion"]},{"floor":13,"relics":["PreservedInsect","StrikeDummy","ClockworkSouvenir"],"cards":["Thunderclap","Clash","Seeing Red+1","Combust","Forethought+1","Secret Weapon+1"],"potions":["LiquidBronze","SneckoOil"]}],"circlet_count":0,"master_deck":["AscendersBane","Strike_R","Strike_R","Strike_R","Strike_R","Strike_R","Defend_R","Defend_R","Bash+1","Secret Technique+1","Sever Soul","Sentinel","Hemokinesis+1","Perfected Strike","Shrug It Off+1","Whirlwind+1","Headbutt","Power Through+1","Rage+1","Impervious+1","Dual Wield+1","Bloodletting+1","Feed","Disarm+1"],"special_seed":0,"potion_use_per_floor":[[],[],[],[],["Fruit Juice"],[],["BloodPotion"],["Strength Potion","SpeedPotion"],[],[],[],[],[],[],[],[],[],[],[],["Block Potion"],[],[],[],["AttackPotion"],[],[],[],[],[],[],["Swift Potion"],[],[]],"relics":["Burning Blood","Toxic Egg 2","Bag of Marbles","Orichalcum","Fusion Hammer","InkBottle","White Beast Statue","Unceasing Top","Self Forming Clay"],"potions_floor_usage":[24,31],"damage_taken":[{"damage":7.0,"enemies":"Small Slimes","floor":1.0,"turns":5.0},{"damage":11.0,"enemies":"2 Louse","floor":3.0,"turns":3.0},{"damage":4.0,"enemies":"Jaw Worm","floor":5.0,"turns":3.0},{"damage":44.0,"enemies":"3 Sentries","floor":7.0,"turns":9.0},{"damage":28.0,"enemies":"Lagavulin Event","floor":8.0,"turns":4.0},{"damage":10.0,"enemies":"Lots of Slimes","floor":10.0,"turns":5.0},{"damage":5.0,"enemies":"Red Slaver","floor":11.0,"turns":2.0},{"damage":20.0,"enemies":"Slime Boss","floor":16.0,"turns":8.0},{"damage":2.0,"enemies":"Chosen","floor":18.0,"turns":4.0},{"damage":6.0,"enemies":"Spheric Guardian","floor":19.0,"turns":4.0},{"damage":15.0,"enemies":"Cultist and Chosen","floor":20.0,"turns":5.0},{"damage":0,"enemies":"Snake Plant","floor":24,"turns":2},{"damage":11,"enemies":"Sentry and Sphere","floor":25,"turns":7},{"damage":5,"enemies":"Gremlin Leader","floor":28,"turns":6},{"damage":26,"enemies":"Book of Stabbing","floor":31,"turns":5},{"damage":61,"enemies":"Champ","floor":33,"turns":15}],"seed_played":"-2851319522522379818","neow_bonus_log":{"cardsObtained":[],"cardsUpgraded":[],"cardsRemoved":[],"cardsTransformed":[],"relicsObtained":[],"maxHpGained":0,"goldGained":0,"damageTaken":0,"goldLost":0,"maxHpLost":7},"potions_obtained":[{"floor":1.0,"key":"Fruit Juice"},{"floor":5.0,"key":"BloodPotion"},{"floor":7.0,"key":"SpeedPotion"},{"floor":18.0,"key":"Block Potion"},{"floor":20.0,"key":"Swift Potion"},{"floor":24,"key":"DuplicationPotion"},{"floor":31,"key":"Energy Potion"}],"is_trial":false,"path_per_floor":["M","$","M","?","M","R","E","?","T","M","M","?","$","?","R","B",null,"M","M","M","?","?","R","M","M","T","?","E","?","R","E","R","B"],"character_chosen":"IRONCLAD","basemod:card_modifiers":[null,null,null,null,null,null,null,null,null,null,null,null,null,null,null,null,null,null,null,null,null,null,null,null],"items_purchased":["Strength Potion","Sentinel","Rage+1","AttackPotion"],"campfire_rested":2,"item_purchase_floors":[2,2,13,13],"current_hp_per_floor":[67,67,62,55,62,62,38,16,16,12,13,13,13,31,31,17,59,63,63,54,54,54,54,60,55,55,55,56,35,58,38,61,0],"gold":154,"neow_bonus":"RANDOM_COLORLESS_2","is_prod":false,"is_daily":false,"rewards_skipped":[{"floor":28,"relics":[],"potions":["EssenceOfSteel"]}],"chose_seed":false,"campfire_upgraded":2,"win_rate":0,"floor_exit_playtime":[204,255,330,346,425,453,585,714,720,845,885,921,998,1002,1015,1283,1358,1500,1660,1792,1798,1802,1808,1869,2130,2136,2169,2377,2382,2388,2557,2562],"timestamp":1710297834,"path_taken":["M","$","M","?","M","R","E","?","T","?","M","?","$","?","R","BOSS","M","M","M","?","?","R","?","M","T","?","E","?","R","E","R","BOSS"],"build_version":"2022-12-01","purchased_purges":1,"victory":false,"max_hp_per_floor":[68,68,68,68,73,73,73,73,73,73,73,73,73,73,73,73,73,73,73,73,73,73,73,73,73,73,73,73,78,78,78,78,78],"relic_stats":{"counters":[16,87],"Self Forming Clay":[21],"Orichalcum":[84],"obtain_stats":[{"Self Forming Clay":31,"Fusion Hammer":17,"Bag of Marbles":8,"Toxic Egg 2":7,"Orichalcum":9,"Burning Blood":0,"InkBottle":21,"White Beast Statue":26,"Unceasing Top":28},{"Self Forming Clay":15,"Fusion Hammer":8,"Bag of Marbles":5,"Toxic Egg 2":4,"Orichalcum":5,"Burning Blood":0,"InkBottle":11,"White Beast Statue":13,"Unceasing Top":14},{"Self Forming Clay":72,"Fusion Hammer":39,"Bag of Marbles":24,"Toxic Egg 2":20,"Orichalcum":24,"Burning Blood":0,"InkBottle":52,"White Beast Statue":61,"Unceasing Top":67}],"Burning Blood":90,"InkBottle":[11],"White Beast Statue":[0.0,0.06000000000000001,0.0,0.52,0.0,0.4200000000000001,0.0,0.0,0.0,0.0,0.0,0.6400000000000001],"Unceasing Top":[0]},"card_choices":[{"not_picked":["Violence","Magnetism"],"picked":"Secret Technique","floor":0.0},{"not_picked":["Heavy Blade","Flame Barrier"],"picked":"Sever Soul","floor":1.0},{"not_picked":["Burning Pact","Havoc"],"picked":"Hemokinesis","floor":3.0},{"not_picked":["Reckless Charge","Wild Strike"],"picked":"Perfected Strike","floor":5.0},{"not_picked":["Bloodletting+1","Flame Barrier+1"],"picked":"Shrug It Off+1","floor":7.0},{"not_picked":["Wild Strike","Flex+1"],"picked":"Whirlwind","floor":8.0},{"not_picked":["Sever Soul","Thunderclap"],"picked":"Headbutt","floor":10.0},{"not_picked":["Combust","Spot Weakness+1"],"picked":"Power Through+1","floor":11.0},{"not_picked":["Immolate","Juggernaut"],"picked":"Impervious+1","floor":16.0},{"not_picked":["Anger","Armaments+1","Headbutt"],"picked":"SKIP","floor":18.0},{"not_picked":["Headbutt","Fire Breathing+1","Flex+1"],"picked":"SKIP","floor":19.0},{"not_picked":["Disarm+1","Shockwave+1"],"picked":"Dual Wield+1","floor":20.0},{"not_picked":["Thunderclap","Armaments+1"],"picked":"Bloodletting+1","floor":24},{"not_picked":["Pommel Strike","Twin Strike","Body Slam"],"picked":"SKIP","floor":25},{"not_picked":["Feel No Pain","Fiend Fire"],"picked":"Feed","floor":28},{"not_picked":["Twin Strike","Perfected Strike"],"picked":"Disarm+1","floor":31}],"player_experience":182867,"relics_obtained":[{"floor":7.0,"key":"Toxic Egg 2"},{"floor":8.0,"key":"Bag of Marbles"},{"floor":9.0,"key":"Orichalcum"},{"floor":26,"key":"White Beast Statue"},{"floor":28,"key":"Unceasing Top"},{"floor":31,"key":"Self Forming Clay"}],"event_choices":[{"cards_removed":["Defend_R"],"damage_healed":0.0,"max_hp_gain":0.0,"max_hp_loss":0.0,"gold_gain":0.0,"event_name":"Golden Wing","player_choice":"Card Removal","floor":4.0,"gold_loss":0.0,"damage_taken":7.0},{"damage_healed":0.0,"max_hp_gain":0.0,"max_hp_loss":0.0,"gold_gain":0.0,"event_name":"Dead Adventurer","player_choice":"Searched \u00271\u0027 times","floor":8.0,"gold_loss":0.0,"damage_taken":0.0},{"damage_healed":0.0,"max_hp_gain":0.0,"max_hp_loss":0.0,"gold_gain":0.0,"event_name":"Upgrade Shrine","player_choice":"Upgraded","floor":12.0,"gold_loss":0.0,"damage_taken":0.0,"cards_upgraded":["Whirlwind"]},{"damage_healed":18.0,"max_hp_gain":0.0,"max_hp_loss":0.0,"gold_gain":0.0,"event_name":"The Cleric","player_choice":"Healed","floor":14.0,"gold_loss":35.0,"damage_taken":0.0},{"damage_healed":0.0,"max_hp_gain":0.0,"max_hp_loss":0.0,"gold_gain":0.0,"event_name":"Addict","player_choice":"Obtained Relic","floor":21.0,"gold_loss":85.0,"damage_taken":0.0,"relics_obtained":["InkBottle"]},{"damage_healed":0.0,"max_hp_gain":0.0,"max_hp_loss":0.0,"gold_gain":0.0,"event_name":"The Mausoleum","player_choice":"Ignored","floor":22.0,"gold_loss":0.0,"damage_taken":0.0},{"damage_healed":0,"gold_gain":0,"player_choice":"Upgraded","damage_taken":0,"max_hp_gain":0,"max_hp_loss":0,"event_name":"Upgrade Shrine","floor":27,"gold_loss":0,"cards_upgraded":["Secret Technique"]},{"damage_healed":0,"gold_gain":0,"player_choice":"Shed Blood","damage_taken":26,"max_hp_gain":5,"max_hp_loss":0,"event_name":"Forgotten Altar","floor":29,"gold_loss":0}],"is_beta":false,"boss_relics":[{"not_picked":["SlaversCollar","Busted Crown"],"picked":"Fusion Hammer"}],"items_purged_floors":[13],"is_endless":false,"potions_floor_spawned":[1,5,7,18,20,24,28,31],"killed_by":"Champ","ascension_level":20,"potion_discard_per_floor":[[],[],[],[],[],[],[],[],[],[],[],[],[],[],[],[],[],[],[],[],[],[],[],[],[],[],[],[],[],[],[],[],[]]}