{"neow_bonuses_skipped_log":["RANDOM_COLORLESS","TWENTY_PERCENT_HP_BONUS","BOSS_RELIC"],"potions_obtained_entropic_brew":[[],[],[],[],[],[],[],[],[],[],[],[],[],[],[],[]],"neow_costs_skipped_log":["NONE","PERCENT_DAMAGE","NONE"],"gold_per_floor":[117,63,78,90,101,130,130,147,147,164,195,210,227,253,253,253],"floor_reached":16,"playtime":1386,"items_purged":[],"score":252,"play_id":"ce63b881-5374-467d-862e-5bc0643bc3d1","local_time":"20240314110442","score_breakdown":["Floors Climbed (16): 80","Enemies Slain (8): 16","Exordium Elites Killed (3): 30","Bosses Slain (0): 0","Ascension (20): 126"],"is_ascension_mode":true,"potions_obtained_alchemize":[[],[],[],[],[],[],[],[],[],[],[],[],[],[],[],[]],"campfire_choices":[{"data":"Combust","floor":7,"key":"SMITH"},{"floor":15,"key":"REST"}],"lesson_learned_per_floor":[[],[],[],[],[],[],[],[],[],[],[],[],[],[],[],[]],"neow_cost":"NONE","improvable_cards":{},"seed_source_timestamp":116810682509209,"shop_contents":[{"floor":2,"relics":["CeramicFish","Pocketwatch","Cauldron"],"cards":["Perfected Strike","Wild Strike","Sentinel","Limit Break","Fire Breathing","Madness","Mayhem"],"potions":["DistilledChaos","FearPotion"]}],"circlet_count":0,"master_deck":["AscendersBane","Strike_R","Strike_R","Strike_R","Strike_R","Strike_R","Defend_R","Defend_R","Defend_R","Defend_R","Bash","Battle Trance","Sword Boomerang","Twin Strike","Combust+1","Rampage","Headbutt","Impervious","Iron Wave","Ghostly Armor"],"potion_use_per_floor":[[],[],[],[],[],["SteroidPotion"],[],[],[],[],["GamblersBrew"],[],[],[],[],["LiquidMemories"]],"relics":["Burning Blood","Red Skull","Mummified Hand","InkBottle","Happy Flower","Nunchaku"],"potions_floor_usage":[6,11,16],"damage_taken":[{"damage":9,"enemies":"Jaw Worm","floor":1,"turns":4},{"damage":2,"enemies":"Cultist","floor":3,"turns":4},{"damage":7,"enemies":"2 Louse","floor":4,"turns":3},{"damage":21,"enemies":"Exordium Wildlife","floor":5,"turns":6},{"damage":30,"enemies":"Lagavulin","floor":6,"turns":6},{"damage":3,"enemies":"Blue Slaver","floor":8,"turns":2},{"damage":27,"enemies":"Exordium Thugs","floor":10,"turns":4},{"damage":9,"enemies":"Gremlin Nob","floor":11,"turns":3},{"damage":2,"enemies":"Lots of Slimes","floor":12,"turns":2},{"damage":3,"enemies":"Blue Slaver","floor":13,"turns":3},{"damage":12,"enemies":"3 Sentries","floor":14,"turns":6},{"damage":35,"enemies":"The Guardian","floor":16,"turns":10}],"green_key_taken_log":11,"seed_played":"-9114334546153866300","neow_bonus_log":{"cardsObtained":[],"cardsUpgraded":[],"cardsRemoved":[],"cardsTransformed":[],"relicsObtained":["Red Skull"],"maxHpGained":0,"goldGained":0,"damageTaken":0,"goldLost":0,"maxHpLost":0},"potions_obtained":[{"floor":6,"key":"SmokeBomb"},{"floor":8,"key":"Weak Potion"},{"floor":10,"key":"GamblersBrew"},{"floor":11,"key":"Ancient Potion"},{"floor":14,"key":"LiquidMemories"}],"is_trial":false,"path_per_floor":["M","$","M","M","M","E","R","M","T","M","E","M","M","E","R","B"],"character_chosen":"IRONCLAD","basemod:card_modifiers":[null,null,null,null,null,null,null,null,null,null,null,null,null,null,null,null,null,null,null,null],"items_purchased":["SteroidPotion"],"campfire_rested":1,"item_purchase_floors":[2],"current_hp_per_floor":[65,65,69,68,53,29,29,32,32,11,8,12,15,9,31,0],"gold":253,"neow_bonus":"RANDOM_COMMON_RELIC","is_prod":false,"is_daily":false,"rewards_skipped":[],"chose_seed":false,"campfire_upgraded":1,"win_rate":0,"floor_exit_playtime":[255,312,375,413,490,617,637,699,732,833,925,973,1052,1173,1177],"timestamp":1710428682,"path_taken":["M","$","M","M","M","E","R","M","T","M","E","M","M","E","R","BOSS"],"build_version":"2022-12-01","purchased_purges":0,"victory":false,"max_hp_per_floor":[75,75,75,75,75,75,75,75,75,75,75,75,75,75,75,75],"relic_stats":{"Nunchaku":[1],"Happy Flower":[7],"counters":[12,53],"Mummified Hand":[4],"obtain_stats":[{"Nunchaku":14,"Happy Flower":11,"Mummified Hand":6,"Burning Blood":0,"Red Skull":0,"InkBottle":9},{"Nunchaku":11,"Happy Flower":8,"Mummified Hand":5,"Burning Blood":0,"Red Skull":0,"InkBottle":6},{"Nunchaku":43,"Happy Flower":32,"Mummified Hand":23,"Burning Blood":0,"Red Skull":0,"InkBottle":25}],"Burning Blood":66,"InkBottle":[7]},"card_choices":[{"not_picked":["Cleave","Power Through"],"picked":"Battle Trance","floor":1},{"not_picked":["Havoc","Flex"],"picked":"Sword Boomerang","floor":3},{"not_picked":["Sever Soul","Fire Breathing"],"picked":"Twin Strike","floor":4},{"not_picked":["Clash","Rupture"],"picked":"Combust","floor":5},{"not_picked":["Anger","Searing Blow"],"picked":"Rampage","floor":6},{"not_picked":["Warcry","Twin Strike","Power Through"],"picked":"SKIP","floor":8},{"not_picked":["Anger","Thunderclap"],"picked":"Headbutt","floor":10},{"not_picked":["Body Slam","Inflame"],"picked":"Impervious","floor":11},{"not_picked":["Pommel Strike","Cleave","Perfected Strike"],"picked":"SKIP","floor":12},{"not_picked":["Cleave","Battle Trance"],"picked":"Iron Wave","floor":13},{"not_picked":["Uppercut","Havoc"],"picked":"Ghostly Armor","floor":14}],"player_experience":124122,"relics_obtained":[{"floor":6,"key":"Mummified Hand"},{"floor":9,"key":"InkBottle"},{"floor":11,"key":"Happy Flower"},{"floor":14,"key":"Nunchaku"}],"event_choices":[],"is_beta":false,"boss_relics":[],"items_purged_floors":[],"is_endless":false,"potions_floor_spawned":[6,8,10,11,14],"killed_by":"The Guardian","ascension_level":20,"potion_discard_per_floor":[[],[],[],[],[],[],[],[],[],["Weak Potion"],[],[],[],["SmokeBomb"],[],[]]}