{"neow_bonuses_skipped_log":["THREE_ENEMY_KILL","TWENTY_PERCENT_HP_BONUS","BOSS_RELIC"],"potions_obtained_entropic_brew":[[],[],[],[],[],[],[],[],[],[],[],[],[],[],[],[],[],[],[],[],[],[],[],[],[],[],[],[],[],[],[],[],[]],"neow_costs_skipped_log":["NONE","CURSE","NONE"],"gold_per_floor":[116,128,145,62,78,406,406,432,432,447,447,464,479,497,497,576,576,587,587,637,527,546,546,571,571,571,571,164,197,226,6,6,6],"floor_reached":33,"playtime":2838,"items_purged":["Defend_R"],"score":644,"play_id":"dcced2e4-6a3f-433f-b550-f214ccc0456b","local_time":"20240310223203","score_breakdown":["Floors Climbed (33): 165","Enemies Slain (11): 22","Exordium Elites Killed (2): 20","City Elites Killed (2): 40","Bosses Slain (1): 50","Champion (1): 25","Ascension (20): 322"],"is_ascension_mode":true,"potions_obtained_alchemize":[[],[],[],[],[],[],[],[],[],[],[],[],[],[],[],[],[],[],[],[],[],[],[],[],[],[],[],[],[],[],[],[],[]],"campfire_choices":[{"floor":7.0,"key":"REST"},{"floor":11.0,"key":"REST"},{"floor":15.0,"key":"REST"},{"data":"Immolate","floor":23.0,"key":"SMITH"},{"floor":25.0,"key":"REST"},{"floor":27.0,"key":"REST"},{"data":"Heavy Blade","floor":32,"key":"SMITH"}],"lesson_learned_per_floor":[[],[],[],[],[],[],[],[],[],[],[],[],[],[],[],[],[],[],[],[],[],[],[],[],[],[],[],[],[],[],[],[],[]],"neow_cost":"NONE","improvable_cards":{},"seed_source_timestamp":412578413180167,"shop_contents":[{"floor":4,"relics":["Oddly Smooth Stone","Du-Vu Doll","Brimstone"],"cards":["Uppercut","Hemokinesis","Spot Weakness","Sentinel","Deep Breath","Magnetism"],"potions":["ColorlessPotion","AttackPotion","LiquidMemories"]},{"floor":28,"relics":["War Paint","CaptainsWheel"],"cards":["Perfected Strike","Body Slam","Dual Wield+1","Rupture","Apotheosis+1"],"potions":["LiquidBronze","DuplicationPotion","Ancient Potion"]},{"floor":31,"relics":["Akabeko","Pen Nib"],"cards":["Rampage","Warcry+1","Flame Barrier+1","Corruption","Dark Shackles+1","Sadistic Nature"],"potions":["Swift Potion","Energy Potion","Regen Potion"]}],"circlet_count":0,"master_deck":["AscendersBane","Strike_R","Strike_R","Strike_R","Strike_R","Defend_R","Defend_R","Bash","Fiend Fire+1","Warcry","Flex","Dark Embrace","Evolve","Twin Strike","Bloodletting","Shrug It Off","Immolate+1","Spot Weakness+1","Second Wind+1","Shockwave+1","Sentinel+1","Offering+1","Battle Trance+1","Disarm+1","Dark Shackles+1","Battle Trance+1","True Grit+1","Heavy Blade+1"],"special_seed":0,"potion_use_per_floor":[[],[],[],[],["Explosive Potion"],[],[],["BlessingOfTheForge"],[],[],[],["FearPotion"],["Energy Potion"],["Weak Potion"],[],[],[],["DistilledChaos"],[],[],[],["LiquidBronze"],[],[],[],[],[],[],[],["ColorlessPotion"],[],[],["CultistPotion","FearPotion"]],"relics":["Burning Blood","Old Coin","Dream Catcher","Toxic Egg 2","Runic Cube","HornCleat","White Beast Statue","Toolbox","Boot","OrangePellets"],"potions_floor_usage":[30,33,33],"damage_taken":[{"damage":8.0,"enemies":"Small Slimes","floor":1.0,"turns":3.0},{"damage":1.0,"enemies":"Cultist","floor":2.0,"turns":3.0},{"damage":0.0,"enemies":"2 Louse","floor":3.0,"turns":2.0},{"damage":0.0,"enemies":"Gremlin Gang","floor":5.0,"turns":5.0},{"damage":50.0,"enemies":"3 Sentries","floor":6.0,"turns":8.0},{"damage":47.0,"enemies":"Gremlin Nob","floor":8.0,"turns":4.0},{"damage":6.0,"enemies":"Looter","floor":10.0,"turns":4.0},{"damage":11.0,"enemies":"Blue Slaver","floor":12.0,"turns":4.0},{"damage":10.0,"enemies":"Gremlin Gang","floor":13.0,"turns":3.0},{"damage":11.0,"enemies":"Exordium Thugs","floor":14.0,"turns":3.0},{"damage":31.0,"enemies":"Slime Boss","floor":16.0,"turns":6.0},{"damage":20.0,"enemies":"Shell Parasite","floor":18.0,"turns":2.0},{"damage":0.0,"enemies":"3 Byrds","floor":22.0,"turns":2.0},{"damage":42.0,"enemies":"Gremlin Leader","floor":24.0,"turns":5.0},{"damage":12,"enemies":"Sentry and Sphere","floor":29,"turns":3},{"damage":9,"enemies":"Slavers","floor":30,"turns":1},{"damage":70,"enemies":"Automaton","floor":33,"turns":6}],"green_key_taken_log":30,"seed_played":"9112278886225677063","neow_bonus_log":{"cardsObtained":["Fiend Fire"],"cardsUpgraded":[],"cardsRemoved":[],"cardsTransformed":["Defend_R"],"relicsObtained":[],"maxHpGained":0,"goldGained":0,"damageTaken":0,"goldLost":0,"maxHpLost":0},"potions_obtained":[{"floor":2.0,"key":"BlessingOfTheForge"},{"floor":3.0,"key":"Explosive Potion"},{"floor":6.0,"key":"Energy Potion"},{"floor":10.0,"key":"FearPotion"},{"floor":12.0,"key":"Weak Potion"},{"floor":14.0,"key":"DistilledChaos"},{"floor":18.0,"key":"LiquidBronze"},{"floor":24.0,"key":"CultistPotion"},{"floor":29,"key":"ColorlessPotion"},{"floor":30,"key":"FearPotion"}],"is_trial":false,"path_per_floor":["M","M","M","$","M","E","R","E","T","M","R","M","M","M","R","B",null,"M","?","?","?","M","R","E","R","T","R","$","M","E","$","R","B"],"character_chosen":"IRONCLAD","basemod:card_modifiers":[null,null,null,null,null,null,null,null,null,null,null,null,null,null,null,null,null,null,null,null,null,null,null,null,null,null,null,null],"items_purchased":["Evolve","Disarm+1","Dark Shackles+1","Toolbox","Heavy Blade","OrangePellets"],"campfire_rested":5,"item_purchase_floors":[4,28,28,28,31,31],"current_hp_per_floor":[66,71,75,75,75,31,53,12,12,12,34,29,25,20,42,17,61,47,47,47,47,53,53,17,39,39,61,61,55,52,52,52,0],"gold":6,"neow_bonus":"TRANSFORM_CARD","is_prod":false,"is_daily":false,"rewards_skipped":[],"chose_seed":false,"campfire_upgraded":2,"win_rate":0,"floor_exit_playtime":[166,211,260,290,363,608,614,772,777,844,858,954,1093,1161,1167,1271,1354,1442,1448,1452,1475,1534,1569,1795,1860,1869,1892,1964,2095,2231,2345,2351],"timestamp":1710124323,"path_taken":["M","M","M","$","M","E","R","E","T","M","R","M","M","M","R","BOSS","M","?","?","?","M","R","E","R","T","R","$","M","E","$","R","BOSS"],"build_version":"2022-12-01","purchased_purges":1,"victory":false,"max_hp_per_floor":[75,75,75,75,75,75,75,75,75,75,75,75,75,75,75,75,75,75,75,75,75,75,75,75,75,75,75,75,75,75,75,75,75],"relic_stats":{"OrangePellets":[0],"Dream Catcher":4,"counters":[17,64],"Boot":[1],"obtain_stats":[{"OrangePellets":31,"Dream Catcher":8,"HornCleat":24,"Toolbox":28,"Toxic Egg 2":9,"Boot":30,"Burning Blood":0,"White Beast Statue":26,"Old Coin":6,"Runic Cube":17},{"OrangePellets":16,"Dream Catcher":6,"HornCleat":14,"Toolbox":14,"Toxic Egg 2":6,"Boot":16,"Burning Blood":0,"White Beast Statue":14,"Old Coin":5,"Runic Cube":11},{"OrangePellets":58,"Dream Catcher":25,"HornCleat":54,"Toolbox":54,"Toxic Egg 2":25,"Boot":58,"Burning Blood":0,"White Beast Statue":54,"Old Coin":21,"Runic Cube":45}],"Burning Blood":88,"White Beast Statue":[0.0,0.06000000000000001,0.0,0.52,0.0,0.4200000000000001,0.0,0.0,0.0,0.0,0.0,0.6400000000000001],"Runic Cube":[18]},"card_choices":[{"not_picked":["Clothesline","Clash"],"picked":"Warcry","floor":1.0},{"not_picked":["True Grit","Thunderclap"],"picked":"Flex","floor":2.0},{"not_picked":["Ghostly Armor","Thunderclap"],"picked":"Dark Embrace","floor":3.0},{"not_picked":["Clothesline","Armaments"],"picked":"Twin Strike","floor":5.0},{"not_picked":["Shockwave","Perfected Strike"],"picked":"Bloodletting","floor":6.0},{"not_picked":["Entrench","Headbutt"],"picked":"Shrug It Off","floor":8.0},{"not_picked":["Blood for Blood","Battle Trance+1"],"picked":"Immolate","floor":10.0},{"not_picked":["Flex+1","Perfected Strike"],"picked":"Spot Weakness+1","floor":11.0},{"not_picked":["Iron Wave","Twin Strike"],"picked":"Second Wind+1","floor":12.0},{"not_picked":["Pummel","Carnage","Infernal Blade+1"],"picked":"SKIP","floor":13.0},{"not_picked":["Iron Wave","Second Wind+1"],"picked":"Shockwave+1","floor":14.0},{"not_picked":["Clothesline","Havoc+1"],"picked":"Sentinel+1","floor":15.0},{"not_picked":["Reaper","Fiend Fire"],"picked":"Offering+1","floor":16.0},{"not_picked":["Wild Strike","Perfected Strike","Inflame"],"picked":"SKIP","floor":18.0},{"not_picked":["Headbutt","Body Slam","Heavy Blade"],"picked":"SKIP","floor":22.0},{"not_picked":["Clash","Immolate","Thunderclap"],"picked":"SKIP","floor":24.0},{"not_picked":["Hemokinesis","Sword Boomerang"],"picked":"Battle Trance+1","floor":27.0},{"not_picked":["Pommel Strike","Sword Boomerang"],"picked":"Battle Trance+1","floor":29},{"not_picked":["Combust","Twin Strike+1"],"picked":"True Grit+1","floor":30}],"player_experience":146192,"relics_obtained":[{"floor":6.0,"key":"Old Coin"},{"floor":8.0,"key":"Dream Catcher"},{"floor":9.0,"key":"Toxic Egg 2"},{"floor":24.0,"key":"HornCleat"},{"floor":26.0,"key":"White Beast Statue"},{"floor":30,"key":"Boot"}],"event_choices":[{"damage_healed":0.0,"max_hp_gain":0.0,"max_hp_loss":0.0,"gold_gain":0.0,"event_name":"The Mausoleum","player_choice":"Ignored","floor":19.0,"gold_loss":0.0,"damage_taken":0.0},{"damage_healed":0.0,"max_hp_gain":0.0,"max_hp_loss":0.0,"gold_gain":50.0,"event_name":"Nest","player_choice":"Stole From Cult","floor":20.0,"gold_loss":0.0,"damage_taken":0.0},{"cards_removed":["Strike_R"],"damage_healed":0.0,"max_hp_gain":0.0,"max_hp_loss":0.0,"gold_gain":0.0,"event_name":"Designer","player_choice":"Upgrade and Remove","floor":21.0,"gold_loss":110.0,"damage_taken":0.0,"cards_upgraded":["Fiend Fire"]}],"is_beta":false,"boss_relics":[{"not_picked":["SlaversCollar","Sozu"],"picked":"Runic Cube"}],"items_purged_floors":[28],"is_endless":false,"potions_floor_spawned":[2,3,6,10,12,14,18,24,29,30],"killed_by":"Automaton","ascension_level":20,"potion_discard_per_floor":[[],[],[],[],[],[],[],[],[],[],[],[],[],[],[],[],[],[],[],[],[],[],[],[],[],[],[],[],[],[],[],[],[]]}