{"neow_bonuses_skipped_log":["UPGRADE_CARD","THREE_ENEMY_KILL","REMOVE_TWO"],"neow_costs_skipped_log":["NONE","NONE","NO_GOLD"],"potions_obtained_entropic_brew":[[],[],[],[],[],[],[],[],[],[],[],["HeartOfIron","Weak Potion"],[],[],[],[],[],[],[],[],[],[],[],[],[],[],[],[],[],[],[],[],[]],"gold_per_floor":[115,135,145,36,49,49,83,95,107,154,166,241,266,303,315,398,410,434,446,478,503,515,527,566,578,590,209,228,246,272,287,287,287],"floor_reached":33,"playtime":3028,"items_purged":["Strike_R"],"score":764,"play_id":"01dca9eb-0286-45e7-89da-9e4a13d893a7","local_time":"20240312144528","score_breakdown":["Floors Climbed (33): 165","Enemies Slain (11): 22","Exordium Elites Killed (3): 30","City Elites Killed (2): 40","Bosses Slain (1): 50","Champion (1): 25","Perfect (1): 50","Ascension (20): 382"],"is_ascension_mode":true,"potions_obtained_alchemize":[[],[],[],[],[],[],[],[],[],[],[],[],[],[],[],[],[],[],[],[],[],[],[],[],[],[],[],[],[],[],[],[],[]],"campfire_choices":[{"data":"Bash","floor":6.0,"key":"SMITH"},{"data":"Anger","floor":8.0,"key":"SMITH"},{"data":"Fire Breathing","floor":15,"key":"SMITH"},{"floor":23,"key":"REST"},{"data":"Fiend Fire","floor":25,"key":"SMITH"},{"floor":32,"key":"REST"}],"lesson_learned_per_floor":[[],[],[],[],[],[],[],[],[],[],[],[],[],[],[],[],[],[],[],[],[],[],[],[],[],[],[],[],[],[],[],[],[]],"neow_cost":"NONE","improvable_cards":{},"seed_source_timestamp":543399441614709,"shop_contents":[{"floor":4,"relics":["Magic Flower","Question Card","Lee\u0027s Waffle"],"cards":["Thunderclap","Blood for Blood","True Grit","Flex","Feel No Pain","Purity","Magnetism"],"potions":["CultistPotion","LiquidMemories"]},{"floor":27,"relics":["MealTicket"],"cards":["Pummel","Reckless Charge","Warcry","Fire Breathing","PanicButton","Secret Weapon"],"potions":["Strength Potion","DuplicationPotion"]}],"circlet_count":0,"master_deck":["AscendersBane","Strike_R","Strike_R","Strike_R","Strike_R","Defend_R","Defend_R","Defend_R","Defend_R","Bash+1","Spot Weakness","Anger+1","Pommel Strike","Shrug It Off","Fire Breathing+1","Pummel","Battle Trance","Pommel Strike","Exhume","Clothesline+1","Headbutt+1","Fiend Fire+1","Impervious","Immolate","Heavy Blade+1"],"special_seed":0,"potion_use_per_floor":[[],[],[],[],[],[],["AttackPotion"],[],[],["HeartOfIron"],[],["HeartOfIron","EntropicBrew","Weak Potion"],["Block Potion"],["AttackPotion"],[],[],[],["Block Potion"],[],[],["HeartOfIron"],[],[],["Explosive Potion"],[],[],[],[],["PowerPotion","BloodPotion"],["AttackPotion","LiquidBronze"],[],[],[]],"relics":["Black Star","MawBank","Bottled Lightning","Lantern","InkBottle","Anchor","Lizard Tail","StoneCalendar","StrikeDummy","SlaversCollar","Darkstone Periapt","Juzu Bracelet","Girya","Membership Card","Potion Belt","Mercury Hourglass","HornCleat"],"potions_floor_usage":[13,14,18,21,24,29,29,30,30],"damage_taken":[{"damage":14.0,"enemies":"Small Slimes","floor":1.0,"turns":5.0},{"damage":1.0,"enemies":"Cultist","floor":2.0,"turns":3.0},{"damage":5.0,"enemies":"2 Louse","floor":3.0,"turns":3.0},{"damage":6.0,"enemies":"2 Fungi Beasts","floor":5.0,"turns":3.0},{"damage":0.0,"enemies":"Gremlin Nob","floor":7.0,"turns":3.0},{"damage":4.0,"enemies":"3 Sentries","floor":10.0,"turns":6.0},{"damage":14.0,"enemies":"Gremlin Nob","floor":12.0,"turns":4.0},{"damage":0,"enemies":"Large Slime","floor":13,"turns":5},{"damage":11,"enemies":"Gremlin Nob","floor":14,"turns":3},{"damage":0,"enemies":"Slime Boss","floor":16,"turns":5},{"damage":16,"enemies":"Shell Parasite","floor":18,"turns":4},{"damage":14,"enemies":"2 Thieves","floor":20,"turns":5},{"damage":31,"enemies":"Sentry and Sphere","floor":21,"turns":4},{"damage":12,"enemies":"Gremlin Leader","floor":24,"turns":5},{"damage":5,"enemies":"Centurion and Healer","floor":28,"turns":6},{"damage":7,"enemies":"3 Cultists","floor":29,"turns":4},{"damage":16,"enemies":"Slavers","floor":30,"turns":5},{"damage":6,"enemies":"Snake Plant","floor":31,"turns":4},{"damage":85,"enemies":"Collector","floor":33,"turns":8}],"green_key_taken_log":10,"seed_played":"-8161688637272169142","neow_bonus_log":{"cardsObtained":[],"cardsUpgraded":[],"cardsRemoved":[],"cardsTransformed":[],"relicsObtained":["Black Star"],"maxHpGained":0,"goldGained":0,"damageTaken":0,"goldLost":0,"maxHpLost":0},"potions_obtained":[{"floor":2.0,"key":"AttackPotion"},{"floor":7.0,"key":"HeartOfIron"},{"floor":10.0,"key":"HeartOfIron"},{"floor":12.0,"key":"Block Potion"},{"floor":13,"key":"AttackPotion"},{"floor":16,"key":"Block Potion"},{"floor":20,"key":"PowerPotion"},{"floor":21,"key":"Explosive Potion"},{"floor":24,"key":"LiquidBronze"},{"floor":29,"key":"AttackPotion"}],"is_trial":false,"path_per_floor":["M","M","M","$","M","R","E","R","T","E","?","?","M","E","R","B",null,"M","T","M","M","?","R","E","R","T","$","M","M","E","M","R","B"],"character_chosen":"IRONCLAD","basemod:card_modifiers":[null,null,null,null,null,null,null,null,null,null,null,null,null,null,null,null,null,null,null,null,null,null,null,null,null],"items_purchased":["EntropicBrew","Membership Card","Impervious","Potion Belt","BloodPotion"],"campfire_rested":2,"item_purchase_floors":[4,27,27,27,27],"current_hp_per_floor":[54,53,48,48,42,42,42,42,42,38,63,49,49,38,38,38,66,50,50,36,5,5,27,15,15,15,15,10,18,2,37,59,0],"gold":287,"neow_bonus":"BOSS_RELIC","is_prod":false,"is_daily":false,"rewards_skipped":[],"chose_seed":false,"campfire_upgraded":4,"win_rate":0,"floor_exit_playtime":[139,161,190,248,296,323,700,753,758,870,888,992,1071,1161,1178,1268,1374,1474,1481,1609,1913,1918,1937,2140,2154,2160,2223,2345,2556,2729,2795,2827],"timestamp":1710269128,"blue_key_relic_skipped_log":{"floor":19,"relicID":"Blue Candle"},"path_taken":["M","M","M","$","?","R","E","R","T","E","?","?","M","E","R","BOSS","M","?","?","M","?","R","E","R","T","$","M","M","E","M","R","BOSS"],"build_version":"2022-12-01","purchased_purges":1,"victory":false,"max_hp_per_floor":[75,75,75,75,75,75,75,75,75,75,75,75,75,75,75,75,75,75,75,75,75,75,75,75,75,75,75,75,75,75,75,75,75],"relic_stats":{"Darkstone Periapt":0,"Girya":0,"counters":[19,85],"StoneCalendar":[32],"Juzu Bracelet":0,"MawBank":240,"Mercury Hourglass":[54],"Lizard Tail":37,"Black Star":5,"Bottled Lightning":"Shrug It Off","Membership Card":227,"obtain_stats":[{"Darkstone Periapt":24,"Potion Belt":27,"Girya":26,"Lantern":9,"StoneCalendar":14,"Juzu Bracelet":24,"MawBank":7,"Burning Blood":0,"Mercury Hourglass":30,"SlaversCollar":17,"Anchor":10,"Lizard Tail":12,"HornCleat":30,"Black Star":0,"Bottled Lightning":7,"Membership Card":27,"StrikeDummy":14,"InkBottle":10},{"Darkstone Periapt":14,"Potion Belt":14,"Girya":14,"Lantern":5,"StoneCalendar":9,"Juzu Bracelet":14,"MawBank":5,"Burning Blood":0,"Mercury Hourglass":17,"SlaversCollar":10,"Anchor":6,"Lizard Tail":6,"HornCleat":17,"Black Star":0,"Bottled Lightning":5,"Membership Card":14,"StrikeDummy":9,"InkBottle":6},{"Darkstone Periapt":58,"Potion Belt":58,"Girya":58,"Lantern":17,"StoneCalendar":35,"Juzu Bracelet":58,"MawBank":17,"Burning Blood":0,"Mercury Hourglass":73,"SlaversCollar":40,"Anchor":23,"Lizard Tail":23,"HornCleat":73,"Black Star":0,"Bottled Lightning":17,"Membership Card":58,"StrikeDummy":35,"InkBottle":23}],"InkBottle":[16]},"card_choices":[{"not_picked":["Bloodletting","Warcry"],"picked":"Spot Weakness","floor":1.0},{"not_picked":["Uppercut","Infernal Blade"],"picked":"Anger","floor":2.0},{"not_picked":["Rage","Wild Strike"],"picked":"Pommel Strike","floor":3.0},{"not_picked":["Rage","Searing Blow"],"picked":"Shrug It Off","floor":5.0},{"not_picked":["Burning Pact","Rupture"],"picked":"Fire Breathing","floor":7.0},{"not_picked":["Flame Barrier","Armaments"],"picked":"Pummel","floor":10.0},{"not_picked":["Spot Weakness","Dual Wield","Warcry"],"picked":"SKIP","floor":12.0},{"not_picked":["Searing Blow","Sword Boomerang"],"picked":"Battle Trance","floor":13},{"not_picked":["Battle Trance","Combust"],"picked":"Pommel Strike","floor":14},{"not_picked":["Double Tap","Bludgeon"],"picked":"Exhume","floor":16},{"not_picked":["True Grit","Heavy Blade"],"picked":"Clothesline+1","floor":18},{"not_picked":["Battle Trance","Havoc"],"picked":"Headbutt+1","floor":20},{"not_picked":["Rampage","Iron Wave"],"picked":"Fiend Fire","floor":21},{"not_picked":["Havoc","Twin Strike","Body Slam"],"picked":"SKIP","floor":24},{"not_picked":["Havoc","Twin Strike","Body Slam"],"picked":"SKIP","floor":24},{"not_picked":["Warcry","Intimidate","Anger"],"picked":"SKIP","floor":28},{"not_picked":["Dual Wield","Clash+1","Headbutt"],"picked":"SKIP","floor":29},{"not_picked":["Spot Weakness","Heavy Blade+1"],"picked":"Immolate","floor":30},{"not_picked":["Pommel Strike","Cleave"],"picked":"Heavy Blade+1","floor":31}],"player_experience":171820,"relics_obtained":[{"floor":7.0,"key":"MawBank"},{"floor":7.0,"key":"Bottled Lightning"},{"floor":9.0,"key":"Lantern"},{"floor":10.0,"key":"InkBottle"},{"floor":10.0,"key":"Anchor"},{"floor":14,"key":"StoneCalendar"},{"floor":14,"key":"StrikeDummy"},{"floor":24,"key":"Darkstone Periapt"},{"floor":24,"key":"Juzu Bracelet"},{"floor":26,"key":"Girya"},{"floor":30,"key":"Mercury Hourglass"},{"floor":30,"key":"HornCleat"}],"event_choices":[{"damage_healed":25.0,"max_hp_gain":0.0,"max_hp_loss":0.0,"gold_gain":0.0,"event_name":"Big Fish","player_choice":"Banana","floor":11.0,"gold_loss":0.0,"damage_taken":0.0},{"damage_healed":0.0,"max_hp_gain":0.0,"max_hp_loss":0.0,"gold_gain":0.0,"event_name":"Dead Adventurer","player_choice":"Searched \u00273\u0027 times","floor":12.0,"gold_loss":0.0,"damage_taken":0.0,"relics_obtained":["Lizard Tail"]},{"damage_healed":0,"gold_gain":0,"player_choice":"Ignored","damage_taken":0,"max_hp_gain":0,"max_hp_loss":0,"event_name":"The Mausoleum","floor":22,"gold_loss":0}],"is_beta":false,"boss_relics":[{"not_picked":["Philosopher\u0027s Stone","Runic Cube"],"picked":"SlaversCollar"}],"items_purged_floors":[27],"is_endless":false,"potions_floor_spawned":[2,7,10,12,13,16,20,21,24,29],"killed_by":"Collector","ascension_level":20,"potion_discard_per_floor":[[],[],[],[],[],[],[],[],[],[],[],[],[],[],[],[],[],[],[],[],[],[],[],[],[],[],[],[],[],[],[],[],[]]}