{"neow_bonuses_skipped_log":["UPGRADE_CARD","THREE_SMALL_POTIONS","BOSS_RELIC"],"potions_obtained_entropic_brew":[[],[],[],[],[],[],[],[],[],[],[],[],[],[],[],[]],"neow_costs_skipped_log":["NONE","NONE","NONE"],"gold_per_floor":[110,122,138,151,170,203,203,203,227,227,266,66,91,131,131,131],"floor_reached":16,"playtime":1170,"items_purged":[],"score":244,"play_id":"5f79682f-c906-49dc-b41d-da3391548e42","local_time":"20240412223508","score_breakdown":["Floors Climbed (16): 80","Enemies Slain (6): 12","Exordium Elites Killed (3): 30","Bosses Slain (0): 0","Ascension (20): 122"],"is_ascension_mode":true,"potions_obtained_alchemize":[[],[],[],[],[],[],[],[],[],[],[],[],[],[],[],[]],"campfire_choices":[{"data":"Blood for Blood","floor":8,"key":"SMITH"},{"floor":10,"key":"REST"},{"data":"Whirlwind","floor":15,"key":"SMITH"}],"lesson_learned_per_floor":[[],[],[],[],[],[],[],[],[],[],[],[],[],[],[],[]],"neow_cost":"TEN_PERCENT_HP_LOSS","improvable_cards":{},"seed_source_timestamp":481519716958875,"shop_contents":[{"floor":12,"relics":["Akabeko","Girya","Cauldron"],"cards":["Perfected Strike","Rupture","Good Instincts+1","Transmutation+1"],"potions":["FearPotion","FearPotion"]}],"circlet_count":0,"master_deck":["AscendersBane","Strike_R","Strike_R","Strike_R","Strike_R","Strike_R","Defend_R","Defend_R","Defend_R","Defend_R","Bash+1","Feed","Anger","Blood for Blood+1","Carnage","Headbutt","Cleave","Impervious+1","True Grit+1","Dual Wield+1","Uppercut","Second Wind+1","Whirlwind+1"],"potion_use_per_floor":[[],[],[],[],[],[],[],[],[],[],["PowerPotion"],[],["Swift Potion"],["PowerPotion"],[],["SpeedPotion"]],"relics":["Burning Blood","Toxic Egg 2","CeramicFish","Bottled Flame"],"potions_floor_usage":[11,13,14,16],"damage_taken":[{"damage":19,"enemies":"Jaw Worm","floor":1,"turns":6},{"damage":1,"enemies":"2 Louse","floor":2,"turns":3},{"damage":15,"enemies":"Small Slimes","floor":3,"turns":4},{"damage":13,"enemies":"Red Slaver","floor":4,"turns":3},{"damage":16,"enemies":"Looter","floor":5,"turns":4},{"damage":30,"enemies":"3 Sentries","floor":6,"turns":6},{"damage":30,"enemies":"Lagavulin","floor":11,"turns":5},{"damage":2,"enemies":"3 Louse","floor":13,"turns":6},{"damage":8,"enemies":"Gremlin Nob","floor":14,"turns":3},{"damage":32,"enemies":"Slime Boss","floor":16,"turns":10}],"green_key_taken_log":11,"seed_played":"529271186481636287","neow_bonus_log":{"cardsObtained":[],"cardsUpgraded":[],"cardsRemoved":[],"cardsTransformed":[],"relicsObtained":[],"maxHpGained":0,"goldGained":0,"damageTaken":0,"goldLost":0,"maxHpLost":7},"potions_obtained":[{"floor":2,"key":"Dexterity Potion"},{"floor":3,"key":"PowerPotion"},{"floor":4,"key":"Swift Potion"},{"floor":13,"key":"SpeedPotion"}],"is_trial":false,"path_per_floor":["M","M","M","M","M","E","?","R","T","R","E","$","M","E","R","B"],"character_chosen":"IRONCLAD","basemod:card_modifiers":[null,null,null,null,null,null,null,null,null,null,null,null,null,null,null,null,null,null,null,null,null,null,null],"items_purchased":["True Grit+1","Dual Wield+1","PowerPotion","Uppercut"],"campfire_rested":1,"item_purchase_floors":[12,12,12,12],"current_hp_per_floor":[58,66,57,50,43,22,22,22,22,46,25,25,32,30,30,0],"gold":131,"neow_bonus":"THREE_RARE_CARDS","is_prod":false,"is_daily":false,"rewards_skipped":[],"chose_seed":false,"campfire_upgraded":2,"win_rate":0,"floor_exit_playtime":[183,239,315,351,402,486,527,554,580,584,759,838,927,1000,1013],"timestamp":1712975708,"blue_key_relic_skipped_log":{"floor":9,"relicID":"Smiling Mask"},"path_taken":["M","M","M","M","M","E","?","R","T","R","E","$","M","E","R","BOSS"],"build_version":"2022-12-01","purchased_purges":0,"victory":false,"max_hp_per_floor":[71,74,74,74,77,80,80,80,80,80,83,83,86,86,86,86],"relic_stats":{"Bottled Flame":"Whirlwind","counters":[10,50],"CeramicFish":54,"obtain_stats":[{"Bottled Flame":14,"CeramicFish":11,"Toxic Egg 2":6,"Burning Blood":0},{"Bottled Flame":9,"CeramicFish":7,"Toxic Egg 2":6,"Burning Blood":0},{"Bottled Flame":40,"CeramicFish":31,"Toxic Egg 2":26,"Burning Blood":0}],"Burning Blood":54},"card_choices":[{"not_picked":["Offering","Berserk"],"picked":"Feed","floor":0},{"not_picked":["Searing Blow","Shrug It Off"],"picked":"Anger","floor":1},{"not_picked":["Rage","Ghostly Armor"],"picked":"Blood for Blood","floor":2},{"not_picked":["Iron Wave","Headbutt"],"picked":"Carnage","floor":3},{"not_picked":["True Grit","Anger"],"picked":"Headbutt","floor":4},{"not_picked":["Seeing Red","Heavy Blade","Body Slam"],"picked":"SKIP","floor":5},{"not_picked":["Flex+1","Clothesline"],"picked":"Cleave","floor":6},{"not_picked":["Ghostly Armor+1","Clothesline"],"picked":"Impervious+1","floor":11},{"not_picked":["Anger","Iron Wave"],"picked":"Second Wind+1","floor":13},{"not_picked":["Warcry+1","Wild Strike"],"picked":"Whirlwind","floor":14}],"player_experience":165062,"relics_obtained":[{"floor":6,"key":"Toxic Egg 2"},{"floor":11,"key":"CeramicFish"},{"floor":14,"key":"Bottled Flame"}],"event_choices":[{"damage_healed":0,"gold_gain":0,"player_choice":"Forge","damage_taken":0,"max_hp_gain":0,"max_hp_loss":0,"event_name":"Accursed Blacksmith","floor":7,"gold_loss":0,"cards_upgraded":["Bash"]}],"is_beta":false,"boss_relics":[],"items_purged_floors":[],"is_endless":false,"potions_floor_spawned":[2,3,4,13],"killed_by":"Slime Boss","ascension_level":20,"potion_discard_per_floor":[[],[],[],["Dexterity Potion"],[],[],[],[],[],[],[],[],[],[],[],[]]}