{"neow_bonuses_skipped_log":["ONE_RANDOM_RARE_CARD","ONE_RARE_RELIC","BOSS_RELIC"],"potions_obtained_entropic_brew":[[],[],[],[],[],[],[],[],[],[],[],[],[],[],[],[],[],[],[],[],[],[],[],[],[],[],[],[],[],[],[],[],[],[],[],[],[],[],[],[],[],[],[],[],[],[],[],[]],"neow_costs_skipped_log":["NONE","CURSE","NONE"],"gold_per_floor":[109,122,122,5,5,32,45,79,102,114,126,138,150,194,206,297,309,332,354,366,378,402,458,482,494,506,556,568,139,167,191,191,273,273,283,283,310,335,356,398,411,193,193,210,232,246,274,274],"floor_reached":48,"playtime":3474,"items_purged":["Strike_R","Defend_R"],"score":1273,"play_id":"17b8b3eb-8444-4bd8-935a-1993ceb6c8c2","local_time":"20240410000911","falling_options_log":["Shrug It Off","Feel No Pain"],"score_breakdown":["Floors Climbed (48): 240","Enemies Slain (17): 34","Exordium Elites Killed (3): 30","City Elites Killed (2): 40","Beyond Elites Killed (1): 30","Bosses Slain (2): 150","Well Fed: 25","Champion (3): 75","Overkill: 25","Ascension (20): 624"],"is_ascension_mode":true,"potions_obtained_alchemize":[[],[],[],[],[],[],[],[],[],[],[],[],[],[],[],[],[],[],[],[],[],[],[],[],[],[],[],[],[],[],[],[],[],[],[],[],[],[],[],[],[],[],[],[],[],[],[],[]],"campfire_choices":[{"data":"Carnage","floor":10.0,"key":"SMITH"},{"data":"Fiend Fire","floor":12.0,"key":"SMITH"},{"data":"Heavy Blade","floor":15.0,"key":"SMITH"},{"floor":25.0,"key":"REST"},{"data":"Evolve","floor":32.0,"key":"SMITH"}],"lesson_learned_per_floor":[[],[],[],[],[],[],[],[],[],[],[],[],[],[],[],[],[],[],[],[],[],[],[],[],[],[],[],[],[],[],[],[],[],[],[],[],[],[],[],[],[],[],[],[],[],[],[],[]],"neow_cost":"NONE","improvable_cards":{},"seed_source_timestamp":287280802200709,"shop_contents":[{"floor":4,"relics":["Art of War","Lizard Tail","Frozen Eye"],"cards":["Twin Strike","Rampage","Rage","Shrug It Off","Mind Blast","Master of Strategy"],"potions":["FearPotion","Strength Potion","Explosive Potion"]},{"floor":29,"relics":["Juzu Bracelet","Regal Pillow"],"cards":["Clash","Sword Boomerang","True Grit","Impatience","Chrysalis"],"potions":["EssenceOfSteel","Weak Potion"]},{"floor":42,"relics":["Bronze Scales","Bag of Marbles"],"cards":["Twin Strike","Wild Strike","True Grit","Dual Wield","Purity","Secret Weapon"],"potions":["GamblersBrew","SteroidPotion","Energy Potion"]}],"circlet_count":0,"master_deck":["AscendersBane","Strike_R+1","Strike_R","Strike_R","Strike_R","Defend_R+1","Defend_R","Defend_R","Bash","Carnage+1","Shrug It Off","Combust","Bloodletting","Heavy Blade+1","Spot Weakness+1","Fiend Fire+1","Feel No Pain","True Grit+1","Feel No Pain","Whirlwind+1","Shockwave","Evolve+1","Power Through","Disarm","Feed","Dual Wield+1","Headbutt","Dark Embrace","Dark Embrace","Disarm","Burning Pact","Clothesline"],"special_seed":0,"potion_use_per_floor":[[],[],[],[],[],[],[],[],[],[],[],[],[],[],[],[],[],[],["Fire Potion"],[],[],[],["AttackPotion"],[],[],[],["SteroidPotion"],[],[],[],[],[],[],[],[],[],[],[],[],["Fruit Juice","Swift Potion"],[],[],[],[],[],[],[],[]],"relics":["Burning Blood","NeowsBlessing","Anchor","Ice Cream","Red Skull","MawBank","Ginger","Philosopher\u0027s Stone","Enchiridion","CeramicFish","War Paint","Brimstone","Sozu","Charon\u0027s Ashes","Singing Bowl","DollysMirror","Bottled Flame"],"potions_floor_usage":[40,40],"damage_taken":[{"damage":0.0,"enemies":"2 Louse","floor":1.0,"turns":1.0},{"damage":0.0,"enemies":"Cultist","floor":2.0,"turns":1.0},{"damage":0.0,"enemies":"Gremlin Nob","floor":6.0,"turns":1.0},{"damage":0.0,"enemies":"Small Slimes","floor":7.0,"turns":3.0},{"damage":11.0,"enemies":"3 Sentries","floor":8.0,"turns":6.0},{"damage":3.0,"enemies":"Gremlin Nob","floor":14.0,"turns":2.0},{"damage":31.0,"enemies":"The Guardian","floor":16.0,"turns":9.0},{"damage":2.0,"enemies":"Chosen","floor":18.0,"turns":3.0},{"damage":0.0,"enemies":"Spheric Guardian","floor":19.0,"turns":3.0},{"damage":12.0,"enemies":"Centurion and Healer","floor":22.0,"turns":4.0},{"damage":8.0,"enemies":"Gremlin Leader","floor":23.0,"turns":4.0},{"damage":21.0,"enemies":"Cultist and Chosen","floor":24.0,"turns":5.0},{"damage":28.0,"enemies":"Slavers","floor":27.0,"turns":3.0},{"damage":3.0,"enemies":"Snake Plant","floor":30.0,"turns":1.0},{"damage":0.0,"enemies":"Centurion and Healer","floor":31.0,"turns":4.0},{"damage":29.0,"enemies":"Automaton","floor":33.0,"turns":6.0},{"damage":27.0,"enemies":"3 Shapes","floor":35.0,"turns":6.0},{"damage":10.0,"enemies":"3 Darklings","floor":37.0,"turns":6.0},{"damage":3.0,"enemies":"Mind Bloom Boss Battle","floor":38.0,"turns":8.0},{"damage":3.0,"enemies":"Sphere and 2 Shapes","floor":39.0,"turns":3.0},{"damage":22,"enemies":"Nemesis","floor":40,"turns":3},{"damage":8,"enemies":"Maw","floor":41,"turns":5},{"damage":3,"enemies":"Spire Growth","floor":44,"turns":3},{"damage":33,"enemies":"3 Darklings","floor":45,"turns":5},{"damage":0,"enemies":"4 Shapes","floor":46,"turns":4},{"damage":32,"enemies":"Spire Growth","floor":47,"turns":5},{"damage":21,"enemies":"Reptomancer","floor":48,"turns":3}],"green_key_taken_log":6,"seed_played":"6333345946021368526","neow_bonus_log":{"cardsObtained":[],"cardsUpgraded":[],"cardsRemoved":[],"cardsTransformed":[],"relicsObtained":["NeowsBlessing"],"maxHpGained":0,"goldGained":0,"damageTaken":0,"goldLost":0,"maxHpLost":0},"potions_obtained":[{"floor":1.0,"key":"SkillPotion"},{"floor":7.0,"key":"Fire Potion"},{"floor":14.0,"key":"AttackPotion"},{"floor":19.0,"key":"SteroidPotion"},{"floor":24.0,"key":"SmokeBomb"},{"floor":27.0,"key":"Dexterity Potion"},{"floor":30.0,"key":"Fruit Juice"}],"is_trial":false,"path_per_floor":["M","M","?","$","?","E","M","E","T","R","?","R","?","E","R","B",null,"M","M","?","?","M","E","M","R","T","E","?","$","M","M","R","B",null,"M","?","M","?","M","E","M","$","T","M","M","M","M","E"],"character_chosen":"IRONCLAD","basemod:card_modifiers":[null,null,null,null,null,null,null,null,null,null,null,null,null,null,null,null,null,null,null,null,null,null,null,null,null,null,null,null,null,null,null,null],"items_purchased":["Combust","Shockwave","Brimstone","Evolve","Swift Potion","Dark Embrace","DollysMirror"],"campfire_rested":1,"item_purchase_floors":[4,29,29,29,29,42,42],"current_hp_per_floor":[74,75,52,52,47,53,59,54,54,54,54,54,59,62,62,37,69,73,79,58,58,52,50,35,59,59,37,37,37,40,46,46,23,66,48,48,47,53,59,48,48,48,48,53,29,40,14,0],"gold":274,"neow_bonus":"THREE_ENEMY_KILL","is_prod":false,"is_daily":false,"rewards_skipped":[{"floor":16,"relics":[],"potions":["SkillPotion"]},{"floor":22,"relics":[],"potions":["SteroidPotion"]},{"floor":37,"relics":[],"potions":["Energy Potion"]},{"floor":38,"relics":[],"potions":["Fruit Juice"]},{"floor":41,"relics":[],"potions":["LiquidMemories"]},{"floor":44,"relics":[],"potions":["BloodPotion"]}],"chose_seed":false,"campfire_upgraded":4,"win_rate":0,"floor_exit_playtime":[228,236,240,265,270,281,341,455,462,475,494,504,509,545,569,706,849,897,989,1001,1019,1115,1259,1326,1336,1350,1432,1441,1499,1576,1626,1651,1791,1881,2002,2012,2210,2402,2485,2587,2716,2754,2803,2892,3116,3227,3381],"timestamp":1712722151,"blue_key_relic_skipped_log":{"floor":26,"relicID":"Orichalcum"},"path_taken":["M","?","?","$","?","E","M","E","T","R","?","R","?","E","R","BOSS","M","M","?","?","M","E","M","R","T","E","?","$","?","M","R","BOSS","M","?","M","?","M","E","M","$","T","M","M","M","M","E"],"build_version":"2022-12-01","purchased_purges":2,"victory":false,"max_hp_per_floor":[75,75,75,75,75,75,75,75,75,75,75,75,80,80,80,80,80,80,80,80,80,80,80,80,80,80,80,80,80,80,80,80,80,80,83,83,86,89,92,97,99,99,99,101,104,109,109,109],"relic_stats":{"Ice Cream":[143],"Sozu":4,"Bottled Flame":"Whirlwind","Singing Bowl":6,"counters":[27,107],"CeramicFish":126,"Charon\u0027s Ashes":[227],"Ginger":[18],"War Paint":["Spot Weakness","True Grit"],"MawBank":240,"obtain_stats":[{"Ice Cream":6,"NeowsBlessing":0,"Singing Bowl":40,"CeramicFish":23,"Enchiridion":20,"Charon\u0027s Ashes":38,"Ginger":14,"War Paint":27,"MawBank":9,"Burning Blood":0,"Sozu":34,"Anchor":5,"Bottled Flame":43,"Brimstone":29,"DollysMirror":42,"Philosopher\u0027s Stone":17,"Red Skull":8},{"Ice Cream":3,"NeowsBlessing":0,"Singing Bowl":21,"CeramicFish":11,"Enchiridion":9,"Charon\u0027s Ashes":19,"Ginger":6,"War Paint":13,"MawBank":5,"Burning Blood":0,"Sozu":16,"Anchor":2,"Bottled Flame":22,"Brimstone":13,"DollysMirror":22,"Philosopher\u0027s Stone":7,"Red Skull":5},{"Ice Cream":3,"NeowsBlessing":0,"Singing Bowl":82,"CeramicFish":37,"Enchiridion":29,"Charon\u0027s Ashes":76,"Ginger":14,"War Paint":45,"MawBank":12,"Burning Blood":0,"Sozu":56,"Anchor":2,"Bottled Flame":87,"Brimstone":45,"DollysMirror":87,"Philosopher\u0027s Stone":23,"Red Skull":12}],"Burning Blood":151},"card_choices":[{"not_picked":["Twin Strike","Havoc"],"picked":"Carnage","floor":1.0},{"not_picked":["Perfected Strike","Warcry"],"picked":"Shrug It Off","floor":2.0},{"not_picked":["Wild Strike","Havoc"],"picked":"Bloodletting","floor":6.0},{"not_picked":["Clothesline","Hemokinesis","Flex"],"picked":"SKIP","floor":7.0},{"not_picked":["Bloodletting","Cleave"],"picked":"Heavy Blade","floor":8.0},{"not_picked":["Armaments","Offering"],"picked":"Feel No Pain","floor":14.0},{"not_picked":["Offering","Fiend Fire"],"picked":"Immolate","floor":16.0},{"not_picked":["Iron Wave","Sword Boomerang","Thunderclap"],"picked":"SKIP","floor":18.0},{"not_picked":["Bloodletting","Havoc","Thunderclap"],"picked":"SKIP","floor":19.0},{"not_picked":["Sword Boomerang","Armaments+1"],"picked":"True Grit","floor":22.0},{"not_picked":["Reckless Charge","Rage"],"picked":"Feel No Pain","floor":23.0},{"not_picked":["True Grit","Twin Strike","Flex"],"picked":"SKIP","floor":24.0},{"not_picked":["Body Slam","Bludgeon"],"picked":"Whirlwind","floor":27.0},{"not_picked":["Cleave","Sentinel"],"picked":"Power Through","floor":30.0},{"not_picked":["Thunderclap","Warcry"],"picked":"Disarm","floor":31.0},{"not_picked":["Bludgeon","Fiend Fire"],"picked":"Feed","floor":33.0},{"not_picked":["Thunderclap","Twin Strike","Sever Soul"],"picked":"SKIP","floor":35.0},{"not_picked":["Iron Wave","Rage+1"],"picked":"Dual Wield+1","floor":37.0},{"not_picked":["Body Slam","Anger","Twin Strike"],"picked":"SKIP","floor":38.0},{"not_picked":["Inflame","Sentinel+1"],"picked":"Headbutt","floor":39},{"not_picked":["Sever Soul","Iron Wave"],"picked":"Dark Embrace","floor":40},{"not_picked":["Rage","Armaments+1","Body Slam"],"picked":"Singing Bowl","floor":41},{"not_picked":["Cleave","Inflame","True Grit"],"picked":"Singing Bowl","floor":44},{"not_picked":["Rage","Body Slam"],"picked":"Burning Pact","floor":45},{"not_picked":["Anger","Demon Form","Shrug It Off"],"picked":"Singing Bowl","floor":46},{"not_picked":["Thunderclap","Evolve"],"picked":"Clothesline","floor":47}],"player_experience":146931,"relics_obtained":[{"floor":6.0,"key":"Ice Cream"},{"floor":8.0,"key":"Red Skull"},{"floor":9.0,"key":"MawBank"},{"floor":14.0,"key":"Ginger"},{"floor":20.0,"key":"Enchiridion"},{"floor":23.0,"key":"CeramicFish"},{"floor":27.0,"key":"War Paint"},{"floor":38.0,"key":"Charon\u0027s Ashes"},{"floor":40,"key":"Singing Bowl"},{"floor":43,"key":"Bottled Flame"}],"event_choices":[{"damage_healed":0.0,"max_hp_gain":0.0,"max_hp_loss":0.0,"gold_gain":0.0,"event_name":"Shining Light","player_choice":"Entered Light","floor":3.0,"gold_loss":0.0,"damage_taken":23.0,"cards_upgraded":["Strike_R","Defend_R"]},{"damage_healed":0.0,"max_hp_gain":0.0,"max_hp_loss":0.0,"gold_gain":0.0,"event_name":"Scrap Ooze","player_choice":"Success","floor":5.0,"gold_loss":0.0,"damage_taken":5.0,"relics_obtained":["Anchor"]},{"damage_healed":0.0,"max_hp_gain":0.0,"max_hp_loss":0.0,"gold_gain":0.0,"event_name":"Match and Keep!","player_choice":"2 cards matched","floor":11.0,"gold_loss":0.0,"damage_taken":0.0,"cards_obtained":["Spot Weakness","Fiend Fire"]},{"damage_healed":0.0,"max_hp_gain":5.0,"max_hp_loss":0.0,"gold_gain":0.0,"event_name":"Big Fish","player_choice":"Donut","floor":13.0,"gold_loss":0.0,"damage_taken":0.0},{"damage_healed":0.0,"max_hp_gain":0.0,"max_hp_loss":0.0,"gold_gain":0.0,"event_name":"Cursed Tome","player_choice":"Obtained Book","floor":20.0,"gold_loss":0.0,"damage_taken":21.0},{"damage_healed":0.0,"max_hp_gain":0.0,"max_hp_loss":0.0,"gold_gain":0.0,"event_name":"Ghosts","player_choice":"Ignored","floor":21.0,"gold_loss":0.0,"damage_taken":0.0},{"damage_healed":0.0,"max_hp_gain":0.0,"max_hp_loss":0.0,"gold_gain":0.0,"event_name":"Upgrade Shrine","player_choice":"Upgraded","floor":28.0,"gold_loss":0.0,"damage_taken":0.0,"cards_upgraded":["Whirlwind"]},{"cards_removed":["Immolate"],"damage_healed":0.0,"max_hp_gain":0.0,"max_hp_loss":0.0,"gold_gain":0.0,"event_name":"Falling","player_choice":"Removed Attack","floor":36.0,"gold_loss":0.0,"damage_taken":0.0},{"damage_healed":0.0,"max_hp_gain":0.0,"max_hp_loss":0.0,"gold_gain":0.0,"event_name":"MindBloom","player_choice":"Fight","floor":38.0,"gold_loss":0.0,"damage_taken":0.0}],"is_beta":false,"boss_relics":[{"not_picked":["Runic Dome","SacredBark"],"picked":"Philosopher\u0027s Stone"},{"not_picked":["Busted Crown","Coffee Dripper"],"picked":"Sozu"}],"items_purged_floors":[4,29],"is_endless":false,"potions_floor_spawned":[1,7,14,16,19,22,24,27,30,37,38,41,44],"killed_by":"Reptomancer","ascension_level":20,"potion_discard_per_floor":[[],[],[],[],[],[],[],[],[],[],[],[],[],["SkillPotion"],[],[],[],[],[],[],[],[],[],[],[],[],[],[],["SmokeBomb"],["Dexterity Potion"],[],[],[],[],[],[],[],[],[],[],[],[],[],[],[],[],[],[]]}