{"neow_bonuses_skipped_log":["TRANSFORM_CARD","TEN_PERCENT_HP_BONUS","BOSS_RELIC"],"neow_costs_skipped_log":["NONE","NONE","NONE"],"potions_obtained_entropic_brew":[[],[],[],[],[],[],[],[],[],[],[],[],[],[],[],[],[],[],[],[],[],[],[],[],[],[],[],[],[],[],[],[],[]],"gold_per_floor":[17,31,31,50,62,62,90,106,131,150,150,168,193,208,208,280,280,299,130,130,149,19,19,49,61,73,110,122,134,157,183,195,207],"floor_reached":33,"playtime":2007,"items_purged":[],"score":648,"play_id":"847abc0b-5495-48b3-be77-01ef39298c41","local_time":"20240410112522","score_breakdown":["Floors Climbed (33): 165","Enemies Slain (12): 24","Exordium Elites Killed (2): 20","City Elites Killed (2): 40","Bosses Slain (1): 50","C-c-c-combo: 25","Ascension (20): 324"],"is_ascension_mode":true,"potions_obtained_alchemize":[[],[],[],[],[],[],[],[],[],[],[],[],[],[],[],[],[],[],[],[],[],[],[],[],[],[],[],[],[],[],[],[],[]],"campfire_choices":[{"data":"Whirlwind","floor":6,"key":"SMITH"},{"data":"Carnage","floor":11,"key":"SMITH"},{"data":"Shockwave","floor":15,"key":"SMITH"},{"floor":23,"key":"REST"},{"data":"Corruption","floor":25,"key":"SMITH"},{"data":"Dark Embrace","floor":29,"key":"SMITH"},{"data":"True Grit","floor":32,"key":"SMITH"}],"lesson_learned_per_floor":[[],[],[],[],[],[],[],[],[],[],[],[],[],[],[],[],[],[],[],[],[],[],[],[],[],[],[],[],[],[],[],[],[]],"neow_cost":"NO_GOLD","improvable_cards":{},"seed_source_timestamp":328066513878625,"shop_contents":[{"floor":19,"relics":["Darkstone Periapt","DollysMirror"],"cards":["Twin Strike","Iron Wave","True Grit","Dual Wield","Combust","Purity","Secret Technique"],"potions":["FairyPotion","Weak Potion","SneckoOil"]},{"floor":22,"relics":["Whetstone","Mercury Hourglass","Cauldron"],"cards":["Iron Wave","Heavy Blade","Offering","Rupture","Impatience","HandOfGreed"],"potions":["Block Potion","Fruit Juice"]},{"floor":28,"relics":["Frozen Egg 2","CeramicFish","Chemical X"],"cards":["Thunderclap","Sever Soul","Warcry","Flex","Metallicize","Mind Blast","HandOfGreed"],"potions":["LiquidMemories","DistilledChaos","PowerPotion"]}],"circlet_count":0,"master_deck":["AscendersBane","Strike_R","Strike_R","Defend_R","Defend_R","Defend_R","Defend_R","Bash","Carnage+1","Whirlwind+1","Anger","Juggernaut","Twin Strike","Burning Pact","Shockwave+1","Fiend Fire","Corruption+1","Havoc+1","Dual Wield+1","Headbutt+1","Burning Pact","Dark Embrace+1","Flame Barrier","True Grit+1","Sentinel","Shockwave"],"special_seed":0,"potion_use_per_floor":[[],[],[],[],[],[],["PowerPotion","PowerPotion"],[],[],[],[],[],[],[],[],["DistilledChaos"],[],["Weak Potion"],[],[],["Fire Potion"],[],[],["Strength Potion"],[],[],[],[],[],[],[],[],["BlessingOfTheForge","LiquidMemories"]],"relics":["Burning Blood","Incense Burner","Blood Vial","PreservedInsect","Regal Pillow","Astrolabe","Centennial Puzzle","MawBank","Eternal Feather","Art of War"],"potions_floor_usage":[7,7,16,18,21,24,33,33],"damage_taken":[{"damage":3.0,"enemies":"2 Louse","floor":1.0,"turns":4.0},{"damage":7.0,"enemies":"Jaw Worm","floor":2.0,"turns":2.0},{"damage":1.0,"enemies":"Cultist","floor":4.0,"turns":3.0},{"damage":20.0,"enemies":"Gremlin Gang","floor":5.0,"turns":3.0},{"damage":12,"enemies":"Gremlin Nob","floor":7,"turns":3},{"damage":0,"enemies":"Large Slime","floor":8,"turns":4},{"damage":6,"enemies":"Exordium Wildlife","floor":10,"turns":3},{"damage":20,"enemies":"Blue Slaver","floor":12,"turns":6},{"damage":10,"enemies":"3 Sentries","floor":13,"turns":3},{"damage":2,"enemies":"Large Slime","floor":14,"turns":3},{"damage":29,"enemies":"Hexaghost","floor":16,"turns":9},{"damage":22,"enemies":"Shell Parasite","floor":18,"turns":4},{"damage":11,"enemies":"Spheric Guardian","floor":21,"turns":3},{"damage":19,"enemies":"Slavers","floor":24,"turns":2},{"damage":13,"enemies":"Gremlin Leader","floor":27,"turns":6},{"damage":0,"enemies":"Centurion and Healer","floor":30,"turns":4},{"damage":12,"enemies":"Snake Plant","floor":31,"turns":5},{"damage":81,"enemies":"Collector","floor":33,"turns":9}],"green_key_taken_log":7,"seed_played":"-5517387329459811093","neow_bonus_log":{"cardsObtained":[],"cardsUpgraded":[],"cardsRemoved":[],"cardsTransformed":[],"relicsObtained":["Incense Burner"],"maxHpGained":0,"goldGained":0,"damageTaken":0,"goldLost":99,"maxHpLost":0},"potions_obtained":[{"floor":1.0,"key":"PowerPotion"},{"floor":5,"key":"PowerPotion"},{"floor":8,"key":"Weak Potion"},{"floor":10,"key":"Dexterity Potion"},{"floor":13,"key":"DistilledChaos"},{"floor":16,"key":"LiquidMemories"},{"floor":18,"key":"Fire Potion"},{"floor":27,"key":"BlessingOfTheForge"}],"is_trial":false,"path_per_floor":["M","M","?","M","M","R","E","M","T","M","R","M","E","M","R","B",null,"M","$","?","M","$","R","E","R","T","E","$","R","M","M","R","B"],"character_chosen":"IRONCLAD","basemod:card_modifiers":[null,null,null,null,null,null,null,null,null,null,null,null,null,null,null,null,null,null,null,null,null,null,null,null,null,null],"items_purchased":["Centennial Puzzle","Flame Barrier","Strength Potion"],"campfire_rested":1,"item_purchase_floors":[19,22,22],"current_hp_per_floor":[71,70,70,75,61,61,55,63,63,65,65,53,51,57,57,36,65,51,51,30,27,27,66,55,55,55,50,50,65,73,69,80,0],"gold":207,"neow_bonus":"ONE_RARE_RELIC","is_prod":false,"is_daily":false,"rewards_skipped":[{"floor":31,"relics":[],"potions":["SmokeBomb"]}],"chose_seed":false,"campfire_upgraded":6,"win_rate":0,"floor_exit_playtime":[115,137,148,172,217,241,308,357,367,422,449,527,571,607,630,781,830,912,965,971,1039,1052,1056,1125,1146,1150,1340,1352,1362,1488,1681,1709],"timestamp":1712762722,"path_taken":["M","M","?","?","M","R","E","M","T","M","R","?","E","M","R","BOSS","M","$","?","M","?","R","E","R","T","E","$","R","M","M","R","BOSS"],"build_version":"2022-12-01","purchased_purges":0,"victory":false,"max_hp_per_floor":[75,75,75,75,75,75,75,75,75,75,75,75,75,75,75,75,75,75,75,80,80,80,80,80,80,80,80,80,80,80,80,80,80],"relic_stats":{"Blood Vial":24,"Regal Pillow":15,"Centennial Puzzle":[15],"counters":[18,76],"Astrolabe":["Havoc","Dual Wield","Headbutt"],"Eternal Feather":26,"PreservedInsect":123,"Art of War":[3],"MawBank":108,"obtain_stats":[{"Blood Vial":7,"Regal Pillow":13,"Centennial Puzzle":19,"Astrolabe":17,"Eternal Feather":26,"PreservedInsect":9,"Incense Burner":0,"Art of War":27,"MawBank":24,"Burning Blood":0},{"Blood Vial":5,"Regal Pillow":9,"Centennial Puzzle":12,"Astrolabe":11,"Eternal Feather":14,"PreservedInsect":6,"Incense Burner":0,"Art of War":15,"MawBank":14,"Burning Blood":0},{"Blood Vial":15,"Regal Pillow":31,"Centennial Puzzle":47,"Astrolabe":43,"Eternal Feather":52,"PreservedInsect":19,"Incense Burner":0,"Art of War":58,"MawBank":52,"Burning Blood":0}],"Burning Blood":102},"card_choices":[{"not_picked":["Clothesline","Flame Barrier"],"picked":"Carnage","floor":1.0},{"not_picked":["Iron Wave","Clothesline","Wild Strike"],"picked":"SKIP","floor":2.0},{"not_picked":["Dual Wield","Bloodletting"],"picked":"Whirlwind","floor":4.0},{"not_picked":["Spot Weakness","Evolve"],"picked":"Anger","floor":5},{"not_picked":["True Grit","Clothesline"],"picked":"Juggernaut","floor":7},{"not_picked":["Cleave","Infernal Blade"],"picked":"Twin Strike","floor":8},{"not_picked":["Heavy Blade","True Grit"],"picked":"Burning Pact","floor":10},{"not_picked":["Headbutt","Warcry"],"picked":"Shockwave","floor":12},{"not_picked":["Clothesline","Havoc"],"picked":"Fiend Fire","floor":13},{"not_picked":["Body Slam","Wild Strike","Sword Boomerang"],"picked":"SKIP","floor":14},{"not_picked":["Immolate","Double Tap"],"picked":"Corruption","floor":16},{"not_picked":["Rupture","Uppercut"],"picked":"Burning Pact","floor":18},{"not_picked":["Sever Soul","Pommel Strike"],"picked":"Dark Embrace","floor":21},{"not_picked":["Anger","Bludgeon"],"picked":"True Grit","floor":24},{"not_picked":["Armaments","Wild Strike"],"picked":"Sentinel","floor":27},{"not_picked":["Clash","Reckless Charge"],"picked":"Shockwave","floor":30},{"not_picked":["Anger","Thunderclap","Evolve"],"picked":"SKIP","floor":31}],"player_experience":151438,"relics_obtained":[{"floor":7,"key":"Blood Vial"},{"floor":9,"key":"PreservedInsect"},{"floor":13,"key":"Regal Pillow"},{"floor":24,"key":"MawBank"},{"floor":26,"key":"Eternal Feather"},{"floor":27,"key":"Art of War"}],"event_choices":[{"damage_healed":0.0,"max_hp_gain":0.0,"max_hp_loss":0.0,"gold_gain":0.0,"event_name":"Liars Game","player_choice":"Ignored","floor":3.0,"gold_loss":0.0,"damage_taken":0.0},{"damage_healed":0,"gold_gain":0,"player_choice":"Shed Blood","damage_taken":26,"max_hp_gain":5,"max_hp_loss":0,"event_name":"Forgotten Altar","floor":20,"gold_loss":0}],"is_beta":false,"boss_relics":[{"not_picked":["Velvet Choker","SacredBark"],"picked":"Astrolabe"}],"items_purged_floors":[],"is_endless":false,"potions_floor_spawned":[1,5,8,10,13,16,18,27,31],"killed_by":"Collector","ascension_level":20,"potion_discard_per_floor":[[],[],[],[],[],[],[],[],[],[],[],[],["Dexterity Potion"],[],[],[],[],[],[],[],[],[],[],[],[],[],[],[],[],[],[],[],[]]}