{"neow_bonuses_skipped_log":["UPGRADE_CARD","THREE_ENEMY_KILL","REMOVE_TWO"],"neow_costs_skipped_log":["NONE","NONE","NO_GOLD"],"potions_obtained_entropic_brew":[[],[],[],[],[],[],[],[],[],[],[]],"gold_per_floor":[116,170,184,76,54,54,54,14,37,37,37],"floor_reached":11,"playtime":492,"items_purged":[],"score":126,"play_id":"487e9fc3-f3dd-4875-8e10-31c159918523","local_time":"20240411113553","score_breakdown":["Floors Climbed (11): 55","Enemies Slain (4): 8","Exordium Elites Killed (0): 0","Bosses Slain (0): 0","Ascension (20): 63"],"is_ascension_mode":true,"potions_obtained_alchemize":[[],[],[],[],[],[],[],[],[],[],[]],"campfire_choices":[{"data":"Bash","floor":6,"key":"SMITH"},{"floor":10,"key":"REST"}],"lesson_learned_per_floor":[[],[],[],[],[],[],[],[],[],[],[]],"neow_cost":"NONE","improvable_cards":{},"seed_source_timestamp":366001373481166,"shop_contents":[{"floor":4,"relics":["Paper Frog","Potion Belt","TheAbacus"],"cards":["Blood for Blood","Armaments","Intimidate","Rupture","Discovery","Master of Strategy"],"potions":["Weak Potion","LiquidBronze"]},{"floor":8,"relics":["Mango","CeramicFish","Sling"],"cards":["Thunderclap","Feed","Ghostly Armor","Havoc","Dark Shackles","Violence"],"potions":["Strength Potion","Dexterity Potion","FearPotion"]}],"circlet_count":0,"master_deck":["AscendersBane","Strike_R+1","Strike_R","Strike_R","Strike_R","Strike_R","Defend_R","Defend_R","Defend_R","Defend_R","Bash+1","Feel No Pain","Headbutt","Second Wind","Anger","Feel No Pain+1","Evolve"],"potion_use_per_floor":[[],["ColorlessPotion"],[],[],[],[],[],[],[],[],["DuplicationPotion","Energy Potion"]],"relics":["SacredBark","Bag of Preparation"],"potions_floor_usage":[2,11,11],"damage_taken":[{"damage":8,"enemies":"Cultist","floor":1,"turns":5},{"damage":0,"enemies":"2 Louse","floor":2,"turns":1},{"damage":2,"enemies":"Jaw Worm","floor":3,"turns":4},{"damage":24,"enemies":"Exordium Thugs","floor":5,"turns":4},{"damage":37,"enemies":"Lagavulin","floor":11,"turns":5}],"seed_played":"-7263480506510608071","neow_bonus_log":{"cardsObtained":[],"cardsUpgraded":[],"cardsRemoved":[],"cardsTransformed":[],"relicsObtained":["SacredBark"],"maxHpGained":0,"goldGained":0,"damageTaken":0,"goldLost":0,"maxHpLost":0},"potions_obtained":[{"floor":1,"key":"ColorlessPotion"},{"floor":5,"key":"Energy Potion"}],"is_trial":false,"path_per_floor":["M","M","M","$","M","R","?","$","T","R","E"],"character_chosen":"IRONCLAD","basemod:card_modifiers":[null,null,null,null,null,null,null,null,null,null,null,null,null,null,null,null,null],"items_purchased":["Anger","DuplicationPotion","Evolve"],"campfire_rested":1,"item_purchase_floors":[4,4,8],"current_hp_per_floor":[60,60,58,58,34,34,11,11,11,33,0],"gold":37,"neow_bonus":"BOSS_RELIC","is_prod":false,"is_daily":false,"rewards_skipped":[],"chose_seed":false,"campfire_upgraded":1,"win_rate":0,"floor_exit_playtime":[77,101,137,198,288,299,303,321,324,329],"timestamp":1712849753,"path_taken":["M","M","M","$","M","R","?","?","T","R","E"],"build_version":"2022-12-01","purchased_purges":0,"victory":false,"max_hp_per_floor":[75,75,75,75,75,75,75,75,75,75,75],"relic_stats":{"counters":[5,19],"Bag of Preparation":[2],"obtain_stats":[{"SacredBark":0,"Bag of Preparation":9,"Burning Blood":0},{"SacredBark":0,"Bag of Preparation":4,"Burning Blood":0},{"SacredBark":0,"Bag of Preparation":14,"Burning Blood":0}]},"card_choices":[{"not_picked":["Twin Strike","Anger"],"picked":"Feel No Pain","floor":1},{"not_picked":["Havoc","Clothesline"],"picked":"Headbutt","floor":2},{"not_picked":["Flex","Clothesline"],"picked":"Second Wind","floor":3},{"not_picked":["Warcry","Bloodletting"],"picked":"Feel No Pain","floor":5}],"player_experience":156603,"relics_obtained":[{"floor":9,"key":"Bag of Preparation"}],"event_choices":[{"damage_healed":0,"gold_gain":0,"player_choice":"Entered Light","damage_taken":23,"max_hp_gain":0,"max_hp_loss":0,"event_name":"Shining Light","floor":7,"gold_loss":0,"cards_upgraded":["Strike_R","Feel No Pain"]}],"is_beta":false,"boss_relics":[],"items_purged_floors":[],"is_endless":false,"potions_floor_spawned":[1,5],"killed_by":"Lagavulin","ascension_level":20,"potion_discard_per_floor":[[],[],[],[],[],[],[],[],[],[],[]]}