{"neow_bonuses_skipped_log":["ONE_RANDOM_RARE_CARD","HUNDRED_GOLD","BOSS_RELIC"],"neow_costs_skipped_log":["NONE","NONE","NONE"],"potions_obtained_entropic_brew":[[],[],[],[],[],[],[],[],[],[],[],[],[],[],[],[],[],[],[],[],[],[],[],[],[],[],[],[],[],[],[],[],[],[],[],[],[],[],[],[],[],[]],"gold_per_floor":[55,68,99,172,203,203,245,245,272,112,197,11,65,6,6,79,79,142,187,147,161,228,228,228,246,246,73,73,142,199,240,240,341,341,384,459,459,503,503,503,51,51],"floor_reached":42,"playtime":3417,"items_purged":["Strike_R","Strike_R"],"score":885,"play_id":"1b6438f8-8801-4866-a910-a140958ef1ec","local_time":"20240420165405","score_breakdown":["Floors Climbed (42): 210","Enemies Slain (15): 30","Exordium Elites Killed (2): 20","City Elites Killed (1): 20","Beyond Elites Killed (0): 0","Bosses Slain (2): 150","Money Money (1221): 25","Ascension (20): 430"],"is_ascension_mode":true,"potions_obtained_alchemize":[[],[],[],[],[],[],[],[],[],[],[],[],[],[],[],[],[],[],[],[],[],[],[],[],[],[],[],[],[],[],[],[],[],[],[],[],[],[],[],[],[],[]],"campfire_choices":[{"data":"HandOfGreed","floor":6.0,"key":"SMITH"},{"data":"Bash","floor":8.0,"key":"SMITH"},{"data":"Apotheosis","floor":15.0,"key":"SMITH"},{"data":"Offering","floor":23.0,"key":"SMITH"},{"data":"Burning Pact","floor":32.0,"key":"SMITH"},{"floor":40,"key":"RECALL"}],"lesson_learned_per_floor":[[],[],[],[],[],[],[],[],[],[],[],[],[],[],[],[],[],[],[],[],[],[],[],[],[],[],[],[],[],[],[],[],[],[],[],[],[],[],[],[],[],[]],"neow_cost":"NO_GOLD","improvable_cards":{},"seed_source_timestamp":0,"shop_contents":[{"floor":10,"relics":["Art of War","Strawberry","Sling"],"cards":["Perfected Strike","Pummel","Impervious","Evolve","Jack Of All Trades","Magnetism"],"potions":["Energy Potion","FearPotion","HeartOfIron"]},{"floor":12,"relics":["War Paint","Anchor","Toolbox"],"cards":["Anger","Headbutt","True Grit","Intimidate","Inflame","Swift Strike"],"potions":["Explosive Potion","LiquidBronze","AttackPotion"]},{"floor":27,"relics":["Pantograph","StrikeDummy"],"cards":["Hemokinesis","Fiend Fire","Seeing Red","Entrench","Rupture","Swift Strike","Magnetism"],"potions":["EssenceOfSteel","Dexterity Potion","CultistPotion"]},{"floor":41,"relics":["White Beast Statue","Frozen Egg 2","Cauldron"],"cards":["Sword Boomerang","Carnage","Enlightenment","Violence"],"potions":["BlessingOfTheForge","Fire Potion"]}],"circlet_count":0,"master_deck":["AscendersBane","Strike_R","Strike_R","Defend_R","Defend_R","Defend_R","Defend_R","Bash+1","HandOfGreed+1","Infernal Blade","Flame Barrier","Bloodletting","Feel No Pain","Second Wind","Corruption","Apotheosis+1","Headbutt","Offering+1","Shrug It Off","Heavy Blade","Rupture","Havoc+1","Burning Pact+1","Iron Wave","Reaper","Warcry+1","Impervious","Pommel Strike+1","Power Through","Dark Embrace","Shrug It Off","Exhume"],"special_seed":0,"potion_use_per_floor":[[],[],[],[],[],[],[],[],[],[],["Block Potion"],[],[],[],[],["DistilledChaos"],[],["DistilledChaos"],[],["BloodPotion"],["ColorlessPotion"],[],[],[],["SteroidPotion"],[],[],[],[],["BlessingOfTheForge"],[],[],[],[],[],[],[],[],[],[],[],["Regen Potion"]],"relics":["Burning Blood","Red Skull","Orichalcum","Kunai","Ancient Tea Set","Coffee Dripper","Paper Frog","Lee\u0027s Waffle","Enchiridion","Bronze Scales","Black Star","Prayer Wheel"],"potions_floor_usage":[42],"damage_taken":[{"damage":14.0,"enemies":"Small Slimes","floor":1.0,"turns":5.0},{"damage":2.0,"enemies":"Jaw Worm","floor":2.0,"turns":3.0},{"damage":0.0,"enemies":"Cultist","floor":3.0,"turns":4.0},{"damage":15.0,"enemies":"3 Louse","floor":4.0,"turns":6.0},{"damage":7.0,"enemies":"Blue Slaver","floor":5.0,"turns":5.0},{"damage":4.0,"enemies":"Exordium Thugs","floor":7.0,"turns":4.0},{"damage":7.0,"enemies":"3 Sentries","floor":11.0,"turns":16.0},{"damage":18.0,"enemies":"Gremlin Nob","floor":13.0,"turns":5.0},{"damage":46.0,"enemies":"The Guardian","floor":16.0,"turns":9.0},{"damage":3.0,"enemies":"3 Byrds","floor":18.0,"turns":5.0},{"damage":22.0,"enemies":"2 Thieves","floor":19.0,"turns":5.0},{"damage":20.0,"enemies":"Snake Plant","floor":21.0,"turns":5.0},{"damage":31.0,"enemies":"Sentry and Sphere","floor":22.0,"turns":6.0},{"damage":17.0,"enemies":"Shelled Parasite and Fungi","floor":25.0,"turns":3.0},{"damage":3.0,"enemies":"Centurion and Healer","floor":29.0,"turns":5.0},{"damage":25.0,"enemies":"Gremlin Leader","floor":30.0,"turns":8.0},{"damage":44.0,"enemies":"Cultist and Chosen","floor":31.0,"turns":6.0},{"damage":32.0,"enemies":"Automaton","floor":33.0,"turns":7.0},{"damage":16,"enemies":"Orb Walker","floor":35,"turns":3},{"damage":9,"enemies":"Mind Bloom Boss Battle","floor":36,"turns":6},{"damage":54,"enemies":"3 Darklings","floor":38,"turns":9},{"damage":55,"enemies":"Reptomancer","floor":42,"turns":2}],"green_key_taken_log":13,"seed_played":"-4036047327591677492","neow_bonus_log":{"cardsObtained":[],"cardsUpgraded":[],"cardsRemoved":[],"cardsTransformed":[],"relicsObtained":[],"maxHpGained":0,"goldGained":0,"damageTaken":0,"goldLost":99,"maxHpLost":0},"potions_obtained":[{"floor":2.0,"key":"DistilledChaos"},{"floor":7.0,"key":"Block Potion"},{"floor":16.0,"key":"DistilledChaos"},{"floor":19.0,"key":"BloodPotion"},{"floor":20.0,"key":"ColorlessPotion"},{"floor":20.0,"key":"BlessingOfTheForge"},{"floor":21.0,"key":"SteroidPotion"},{"floor":33.0,"key":"HeartOfIron"}],"is_trial":false,"path_per_floor":["M","M","M","M","M","R","M","R","T","$","E","$","E","?","R","B",null,"M","M","?","M","M","R","?","M","T","$","?","M","E","M","R","B",null,"M","?","?","M","?","R","$","E"],"character_chosen":"IRONCLAD","basemod:card_modifiers":[null,null,null,null,null,null,null,null,null,null,null,null,null,null,null,null,null,null,null,null,null,null,null,null,null,null,null,null,null,null,null,null],"items_purchased":["Second Wind","Apotheosis","Lee\u0027s Waffle","Dark Embrace","Regen Potion","Shrug It Off","Exhume"],"campfire_rested":0,"item_purchase_floors":[10,12,27,41,41,41,41],"current_hp_per_floor":[60,64,70,61,60,60,62,62,62,62,61,61,49,49,49,9,59,62,46,61,47,22,22,22,11,11,82,61,64,45,26,26,24,68,63,60,60,42,42,42,42,0],"gold":51,"neow_bonus":"RANDOM_COLORLESS_2","is_prod":false,"is_daily":false,"rewards_skipped":[{"floor":20,"relics":[],"potions":["ColorlessPotion"]}],"chose_seed":false,"campfire_upgraded":5,"win_rate":0,"floor_exit_playtime":[179,214,267,369,412,421,488,501,505,544,723,735,812,820,831,1022,1138,1275,1408,1428,1551,1680,1690,1701,1781,1784,1794,1845,1945,2133,2262,2274,2520,2697,2786,2936,2954,3289,3300,3315,3345],"timestamp":1713646445,"path_taken":["M","M","M","M","M","R","M","R","T","$","E","$","E","?","R","BOSS","M","M","?","M","M","R","?","M","T","$","?","M","E","M","R","BOSS","M","?","?","?","?","R","$","E"],"build_version":"2022-12-01","purchased_purges":2,"victory":false,"max_hp_per_floor":[75,75,75,75,75,75,75,75,75,75,75,75,75,75,75,75,75,75,75,75,75,75,75,75,75,75,82,82,82,82,82,82,82,82,82,82,82,82,82,82,82,82],"relic_stats":{"Lee\u0027s Waffle":71,"counters":[22,127],"Bronze Scales":[90],"Prayer Wheel":1,"Black Star":0,"Kunai":[17],"Orichalcum":[90],"Ancient Tea Set":[8],"obtain_stats":[{"Lee\u0027s Waffle":27,"Bronze Scales":30,"Enchiridion":28,"Prayer Wheel":36,"Coffee Dripper":17,"Black Star":34,"Kunai":13,"Orichalcum":11,"Ancient Tea Set":14,"Burning Blood":0,"Red Skull":9,"Paper Frog":26},{"Lee\u0027s Waffle":14,"Bronze Scales":16,"Enchiridion":14,"Prayer Wheel":20,"Coffee Dripper":9,"Black Star":18,"Kunai":8,"Orichalcum":7,"Ancient Tea Set":8,"Burning Blood":0,"Red Skull":6,"Paper Frog":14},{"Lee\u0027s Waffle":81,"Bronze Scales":94,"Enchiridion":81,"Prayer Wheel":116,"Coffee Dripper":57,"Black Star":107,"Kunai":48,"Orichalcum":43,"Ancient Tea Set":48,"Burning Blood":0,"Red Skull":27,"Paper Frog":81}],"Burning Blood":126},"card_choices":[{"not_picked":["Secret Technique","Metamorphosis"],"picked":"HandOfGreed","floor":0.0},{"not_picked":["Perfected Strike","Rage"],"picked":"Infernal Blade","floor":1.0},{"not_picked":["Havoc","Pommel Strike"],"picked":"Flame Barrier","floor":2.0},{"not_picked":["Flex","Thunderclap","Armaments"],"picked":"SKIP","floor":3.0},{"not_picked":["Wild Strike","Twin Strike"],"picked":"Bloodletting","floor":4.0},{"not_picked":["Searing Blow","Body Slam"],"picked":"Feel No Pain","floor":5.0},{"not_picked":["Ghostly Armor","Sword Boomerang","Wild Strike"],"picked":"SKIP","floor":7.0},{"not_picked":["Twin Strike","Intimidate"],"picked":"Corruption","floor":11.0},{"not_picked":["Havoc","Wild Strike"],"picked":"Headbutt","floor":13.0},{"not_picked":["Limit Break","Bludgeon"],"picked":"Offering","floor":16.0},{"not_picked":["Heavy Blade","Combust"],"picked":"Shrug It Off","floor":18.0},{"not_picked":["Searing Blow","Flex"],"picked":"Heavy Blade","floor":19.0},{"not_picked":["Warcry","Carnage"],"picked":"Rupture","floor":21.0},{"not_picked":["Body Slam","Searing Blow"],"picked":"Havoc+1","floor":22.0},{"not_picked":["Clothesline","Brutality"],"picked":"Burning Pact","floor":25.0},{"not_picked":["Armaments","Body Slam","Iron Wave"],"picked":"SKIP","floor":29.0},{"not_picked":["Armaments","Body Slam"],"picked":"Iron Wave","floor":29.0},{"not_picked":["Dropkick","Pommel Strike"],"picked":"Reaper","floor":30.0},{"not_picked":["Clothesline","Havoc"],"picked":"Warcry+1","floor":31.0},{"not_picked":["Demon Form","Double Tap"],"picked":"Impervious","floor":33.0},{"not_picked":["Heavy Blade","Body Slam"],"picked":"Pommel Strike+1","floor":35},{"not_picked":["Armaments","Flex","Havoc"],"picked":"SKIP","floor":36},{"not_picked":["Bloodletting","Sword Boomerang"],"picked":"Power Through","floor":38},{"not_picked":["Armaments","Combust","Body Slam"],"picked":"SKIP","floor":38}],"player_experience":176403,"relics_obtained":[{"floor":9.0,"key":"Red Skull"},{"floor":11.0,"key":"Orichalcum"},{"floor":13.0,"key":"Kunai"},{"floor":26.0,"key":"Paper Frog"},{"floor":28.0,"key":"Enchiridion"},{"floor":30.0,"key":"Bronze Scales"},{"floor":36,"key":"Prayer Wheel"}],"event_choices":[{"damage_healed":0.0,"max_hp_gain":0.0,"max_hp_loss":0.0,"gold_gain":0.0,"event_name":"WeMeetAgain","player_choice":"Paid Gold","floor":14.0,"gold_loss":59.0,"damage_taken":0.0,"relics_obtained":["Ancient Tea Set"]},{"damage_healed":0.0,"max_hp_gain":0.0,"max_hp_loss":0.0,"gold_gain":0.0,"event_name":"The Woman in Blue","player_choice":"Bought 3 Potions","floor":20.0,"gold_loss":0.0,"damage_taken":0.0},{"cards_removed":["Strike_R"],"damage_healed":0.0,"max_hp_gain":0.0,"max_hp_loss":0.0,"gold_gain":0.0,"event_name":"Back to Basics","player_choice":"Elegance","floor":24.0,"gold_loss":0.0,"damage_taken":0.0},{"damage_healed":0.0,"max_hp_gain":0.0,"max_hp_loss":0.0,"gold_gain":0.0,"event_name":"Cursed Tome","player_choice":"Obtained Book","floor":28.0,"gold_loss":0.0,"damage_taken":21.0},{"damage_healed":0,"gold_gain":0,"player_choice":"Fight","damage_taken":0,"max_hp_gain":0,"max_hp_loss":0,"event_name":"MindBloom","floor":36,"gold_loss":0},{"damage_healed":0,"gold_gain":0,"player_choice":"Ignored","damage_taken":0,"max_hp_gain":0,"max_hp_loss":0,"event_name":"Tomb of Lord Red Mask","floor":37,"gold_loss":0},{"damage_healed":0,"gold_gain":0,"player_choice":"Ignored","damage_taken":0,"max_hp_gain":0,"max_hp_loss":0,"event_name":"Mysterious Sphere","floor":39,"gold_loss":0}],"is_beta":false,"boss_relics":[{"not_picked":["Velvet Choker","SacredBark"],"picked":"Coffee Dripper"},{"not_picked":["Fusion Hammer","Mark of Pain"],"picked":"Black Star"}],"items_purged_floors":[10,41],"is_endless":false,"potions_floor_spawned":[2,7,16,19,21,33],"killed_by":"Reptomancer","ascension_level":20,"potion_discard_per_floor":[[],[],[],[],[],[],[],[],[],[],[],[],[],[],[],[],[],[],[],[],[],[],[],[],[],[],[],[],[],[],[],[],[],[],[],[],[],[],[],[],[],[]]}