{"neow_bonuses_skipped_log":["REMOVE_CARD","THREE_ENEMY_KILL","BOSS_RELIC"],"neow_costs_skipped_log":["NONE","NONE","NONE"],"potions_obtained_entropic_brew":[[],[],[],[],[],[],[],[],[],[],[],[],[],[],[],[],[],[],[],[],[],[],[]],"gold_per_floor":[119,131,131,143,162,176,186,186,265,284,319,319,331,345,345,419,419,438,490,506,524,524,524],"floor_reached":23,"playtime":1490,"items_purged":[],"score":423,"play_id":"422723f8-4c85-4fda-86a2-876eefc81e95","local_time":"20240416212158","score_breakdown":["Floors Climbed (23): 115","Enemies Slain (12): 24","Exordium Elites Killed (1): 10","City Elites Killed (0): 0","Bosses Slain (1): 50","Collector (1): 25","Ascension (20): 199"],"is_ascension_mode":true,"potions_obtained_alchemize":[[],[],[],[],[],[],[],[],[],[],[],[],[],[],[],[],[],[],[],[],[],[],[]],"campfire_choices":[{"data":"Hemokinesis","floor":8,"key":"SMITH"},{"data":"Shockwave","floor":12,"key":"SMITH"},{"data":"Whirlwind","floor":15,"key":"SMITH"}],"lesson_learned_per_floor":[[],[],[],[],[],[],[],[],[],[],[],[],[],[],[],[],[],[],[],[],[],[],[]],"neow_cost":"PERCENT_DAMAGE","improvable_cards":{},"seed_source_timestamp":119855642043292,"shop_contents":[],"circlet_count":0,"master_deck":["AscendersBane","Defend_R","Defend_R","Defend_R","Bash","Offering","Power Through","Anger","Anger","Shockwave+1","Hemokinesis+1","Evolve","Feel No Pain","Cleave","Whirlwind+1","Impervious","Shrug It Off","Pommel Strike","Bite","Bite","Bite","Bite","Bite"],"potion_use_per_floor":[[],[],[],[],[],[],[],[],[],[],[],[],["Explosive Potion"],["Swift Potion"],[],["EssenceOfSteel"],[],[],[],["LiquidBronze"],["PowerPotion"],[],["GamblersBrew","ElixirPotion"]],"relics":["Burning Blood","Pear","White Beast Statue","Philosopher\u0027s Stone","Ancient Tea Set"],"potions_floor_usage":[13,14,16,20,21,23,23],"damage_taken":[{"damage":7,"enemies":"2 Louse","floor":1,"turns":4},{"damage":12,"enemies":"Cultist","floor":2,"turns":5},{"damage":0,"enemies":"Jaw Worm","floor":4,"turns":4},{"damage":11,"enemies":"Exordium Wildlife","floor":5,"turns":5},{"damage":7,"enemies":"3 Louse","floor":6,"turns":5},{"damage":2,"enemies":"Large Slime","floor":7,"turns":3},{"damage":6,"enemies":"Exordium Wildlife","floor":10,"turns":3},{"damage":12,"enemies":"Lagavulin","floor":11,"turns":5},{"damage":12,"enemies":"Exordium Thugs","floor":13,"turns":3},{"damage":4,"enemies":"Large Slime","floor":14,"turns":6},{"damage":44,"enemies":"Slime Boss","floor":16,"turns":5},{"damage":25,"enemies":"2 Thieves","floor":18,"turns":5},{"damage":0,"enemies":"3 Byrds","floor":20,"turns":3},{"damage":34,"enemies":"Snake Plant","floor":21,"turns":5},{"damage":31,"enemies":"Slavers","floor":23,"turns":2}],"green_key_taken_log":11,"seed_played":"-3529242758074619752","neow_bonus_log":{"cardsObtained":[],"cardsUpgraded":[],"cardsRemoved":[],"cardsTransformed":[],"relicsObtained":[],"maxHpGained":0,"goldGained":0,"damageTaken":18,"goldLost":0,"maxHpLost":0},"potions_obtained":[{"floor":2,"key":"Dexterity Potion"},{"floor":5,"key":"LiquidBronze"},{"floor":10,"key":"Explosive Potion"},{"floor":13,"key":"Swift Potion"},{"floor":14,"key":"EssenceOfSteel"},{"floor":16,"key":"Ancient Potion"},{"floor":18,"key":"PowerPotion"},{"floor":20,"key":"GamblersBrew"},{"floor":21,"key":"ElixirPotion"}],"is_trial":false,"path_per_floor":["M","M","?","M","M","M","M","R","T","M","E","R","M","M","R","B",null,"M","T","M","M","?","E"],"character_chosen":"IRONCLAD","basemod:card_modifiers":[null,null,null,null,null,null,null,null,null,null,null,null,null,null,null,null,null,null,null,null,null,null,null],"items_purchased":[],"campfire_rested":0,"item_purchase_floors":[],"current_hp_per_floor":[49,43,43,49,44,43,47,47,57,57,51,51,45,47,47,9,66,47,47,53,25,25,0],"gold":524,"neow_bonus":"THREE_RARE_CARDS","is_prod":false,"is_daily":false,"rewards_skipped":[],"chose_seed":false,"campfire_upgraded":3,"win_rate":0,"floor_exit_playtime":[181,249,296,329,416,523,586,593,598,656,749,762,810,969,978,1064,1121,1213,1219,1272,1385,1389],"timestamp":1713316918,"path_taken":["M","M","?","M","M","M","M","R","T","M","E","R","M","M","R","BOSS","M","?","M","M","?","E"],"build_version":"2022-12-01","purchased_purges":0,"victory":false,"max_hp_per_floor":[75,75,75,75,75,75,75,75,85,85,85,85,85,85,85,85,85,85,85,85,85,59,59],"relic_stats":{"counters":[15,63],"Ancient Tea Set":[0],"obtain_stats":[{"Pear":9,"Philosopher\u0027s Stone":17,"Ancient Tea Set":19,"Burning Blood":0,"White Beast Statue":11},{"Pear":6,"Philosopher\u0027s Stone":11,"Ancient Tea Set":12,"Burning Blood":0,"White Beast Statue":8},{"Pear":26,"Philosopher\u0027s Stone":48,"Ancient Tea Set":53,"Burning Blood":0,"White Beast Statue":34}],"Burning Blood":84,"White Beast Statue":[0.0,0.024000000000000007,0.0,0.32800000000000007,0.0,0.5280000000000001,0.0,0.12000000000000002,0.0,0.0,0.0,3.0]},"card_choices":[{"not_picked":["Juggernaut","Exhume"],"picked":"Offering","floor":0},{"not_picked":["Reckless Charge","Clothesline"],"picked":"Power Through","floor":1},{"not_picked":["Infernal Blade","Rage"],"picked":"Anger","floor":2},{"not_picked":["Havoc","Clothesline"],"picked":"Shockwave","floor":4},{"not_picked":["Armaments","Dropkick","Power Through"],"picked":"SKIP","floor":5},{"not_picked":["Flex","Thunderclap"],"picked":"Hemokinesis","floor":6},{"not_picked":["Shockwave","Sentinel"],"picked":"Evolve","floor":7},{"not_picked":["Sword Boomerang","Havoc"],"picked":"Feel No Pain","floor":10},{"not_picked":["Clash","Shrug It Off"],"picked":"Cleave","floor":11},{"not_picked":["Fire Breathing","Combust"],"picked":"Whirlwind","floor":13},{"not_picked":["Rupture","Double Tap","Armaments"],"picked":"SKIP","floor":14},{"not_picked":["Berserk","Brutality"],"picked":"Impervious","floor":16},{"not_picked":["Anger+1","Heavy Blade"],"picked":"Shrug It Off","floor":18},{"not_picked":["Iron Wave","Havoc","Twin Strike+1"],"picked":"SKIP","floor":20},{"not_picked":["Flex","Entrench"],"picked":"Pommel Strike","floor":21}],"player_experience":175953,"relics_obtained":[{"floor":9,"key":"Pear"},{"floor":11,"key":"White Beast Statue"},{"floor":19,"key":"Ancient Tea Set"}],"event_choices":[{"damage_healed":0,"gold_gain":0,"cards_transformed":["Defend_R"],"player_choice":"Change","damage_taken":0,"max_hp_gain":0,"max_hp_loss":0,"event_name":"Living Wall","floor":3,"gold_loss":0,"cards_obtained":["Anger"]},{"damage_healed":0,"gold_gain":0,"player_choice":"Became a vampire","damage_taken":0,"max_hp_gain":0,"max_hp_loss":26,"event_name":"Vampires","floor":22,"gold_loss":0,"cards_obtained":["Bite","Bite","Bite","Bite","Bite"]}],"is_beta":false,"boss_relics":[{"not_picked":["SlaversCollar","Empty Cage"],"picked":"Philosopher\u0027s Stone"}],"items_purged_floors":[],"is_endless":false,"potions_floor_spawned":[2,5,10,13,14,16,18,20,21],"killed_by":"Slavers","ascension_level":20,"potion_discard_per_floor":[[],[],[],[],[],[],[],[],[],["Dexterity Potion"],[],[],[],[],[],[],[],["Ancient Potion"],[],[],[],[],[]]}