{"neow_bonuses_skipped_log":["UPGRADE_CARD","THREE_SMALL_POTIONS","ONE_RARE_RELIC"],"potions_obtained_entropic_brew":[[],[],[],[],[],[],[],[],[],[]],"neow_costs_skipped_log":["NONE","NONE","NO_GOLD"],"gold_per_floor":[117,133,98,8,21,51,51,78,152,152],"floor_reached":10,"playtime":505,"items_purged":[],"score":152,"play_id":"0e2d9ac3-7a32-4619-b66f-99f0ff104037","local_time":"20240420152336","score_breakdown":["Floors Climbed (10): 50","Enemies Slain (3): 6","Exordium Elites Killed (2): 20","Bosses Slain (0): 0","Ascension (20): 76"],"is_ascension_mode":true,"potions_obtained_alchemize":[[],[],[],[],[],[],[],[],[],[]],"campfire_choices":[{"data":"Bash","floor":7,"key":"SMITH"}],"lesson_learned_per_floor":[[],[],[],[],[],[],[],[],[],[]],"neow_cost":"NONE","improvable_cards":{},"seed_source_timestamp":389234597242292,"shop_contents":[{"floor":4,"relics":["Lizard Tail","Anchor","Sling"],"cards":["Dropkick","True Grit","Demon Form","Dramatic Entrance","Master of Strategy"],"potions":["Fire Potion","Fire Potion","Block Potion"]}],"circlet_count":0,"master_deck":["AscendersBane","Strike_R","Strike_R","Strike_R","Strike_R","Strike_R","Defend_R","Defend_R","Defend_R","Defend_R","Bash+1","Second Wind","Heavy Blade","Anger","Flame Barrier","Rampage","Immolate"],"potion_use_per_floor":[[],[],[],[],[],["SneckoOil"],[],[],[],[]],"relics":["Runic Dome","Gremlin Horn","Omamori"],"potions_floor_usage":[6],"damage_taken":[{"damage":6,"enemies":"Cultist","floor":1,"turns":3},{"damage":11,"enemies":"2 Louse","floor":2,"turns":4},{"damage":0,"enemies":"Jaw Worm","floor":5,"turns":3},{"damage":30,"enemies":"3 Sentries","floor":6,"turns":8},{"damage":32,"enemies":"Gremlin Nob","floor":8,"turns":4},{"damage":9,"enemies":"3 Sentries","floor":10,"turns":2}],"seed_played":"9168864374640336601","neow_bonus_log":{"cardsObtained":[],"cardsUpgraded":[],"cardsRemoved":[],"cardsTransformed":[],"relicsObtained":["Runic Dome"],"maxHpGained":0,"goldGained":0,"damageTaken":0,"goldLost":0,"maxHpLost":0},"potions_obtained":[{"floor":2,"key":"SneckoOil"}],"is_trial":false,"path_per_floor":["M","M","?","$","M","E","R","E","T","E"],"character_chosen":"IRONCLAD","basemod:card_modifiers":[null,null,null,null,null,null,null,null,null,null,null,null,null,null,null,null,null],"items_purchased":["Anger","Flame Barrier"],"campfire_rested":0,"item_purchase_floors":[4,4],"current_hp_per_floor":[62,51,69,69,69,39,39,7,7,0],"gold":152,"neow_bonus":"BOSS_RELIC","is_prod":false,"is_daily":false,"rewards_skipped":[],"chose_seed":false,"campfire_upgraded":1,"win_rate":1,"floor_exit_playtime":[128,186,193,208,251,403,419,455,467],"timestamp":1713641016,"blue_key_relic_skipped_log":{"floor":9,"relicID":"Bottled Lightning"},"path_taken":["M","M","?","$","M","E","R","E","T","E"],"build_version":"2022-12-01","purchased_purges":0,"victory":false,"max_hp_per_floor":[75,75,75,75,75,75,75,75,75,75],"relic_stats":{"Gremlin Horn":[0,0],"counters":[6,24],"Omamori":0,"obtain_stats":[{"Runic Dome":0,"Gremlin Horn":6,"Omamori":8,"Burning Blood":0},{"Runic Dome":0,"Gremlin Horn":4,"Omamori":5,"Burning Blood":0},{"Runic Dome":0,"Gremlin Horn":18,"Omamori":22,"Burning Blood":0}]},"card_choices":[{"not_picked":["Sentinel","Warcry"],"picked":"Second Wind","floor":1},{"not_picked":["Armaments","Metallicize"],"picked":"Heavy Blade","floor":2},{"not_picked":["Body Slam","Anger","True Grit"],"picked":"SKIP","floor":5},{"not_picked":["Clash","Bloodletting"],"picked":"Rampage","floor":6},{"not_picked":["Perfected Strike","Sword Boomerang"],"picked":"Immolate","floor":8}],"player_experience":175898,"relics_obtained":[{"floor":6,"key":"Gremlin Horn"},{"floor":8,"key":"Omamori"}],"event_choices":[{"damage_healed":18,"gold_gain":0,"player_choice":"Healed","damage_taken":0,"max_hp_gain":0,"max_hp_loss":0,"event_name":"The Cleric","floor":3,"gold_loss":35}],"is_beta":false,"boss_relics":[],"items_purged_floors":[],"is_endless":false,"potions_floor_spawned":[2],"killed_by":"3 Sentries","ascension_level":20,"potion_discard_per_floor":[[],[],[],[],[],[],[],[],[],[]]}