{"neow_bonuses_skipped_log":["THREE_CARDS","RANDOM_COLORLESS_2","BOSS_RELIC"],"neow_costs_skipped_log":["NONE","CURSE","NONE"],"potions_obtained_entropic_brew":[[],[],[],[],[],[],[],[],[],[],[],[],[],[],[],[],[],[],[],[],[],[]],"gold_per_floor":[217,230,128,139,98,133,133,167,167,184,201,201,201,218,218,297,297,309,335,346,346,346],"floor_reached":22,"playtime":1340,"items_purged":[],"score":396,"play_id":"cd41541c-2c94-45c1-bd81-272f4646acf5","local_time":"20240606173319","score_breakdown":["Floors Climbed (22): 110","Enemies Slain (9): 18","Exordium Elites Killed (2): 20","City Elites Killed (0): 0","Bosses Slain (1): 50","Ascension (20): 198"],"is_ascension_mode":true,"potions_obtained_alchemize":[[],[],[],[],[],[],[],[],[],[],[],[],[],[],[],[],[],[],[],[],[],[]],"campfire_choices":[{"data":"Uppercut","floor":7.0,"key":"SMITH"},{"floor":12.0,"key":"REST"},{"data":"Immolate","floor":15.0,"key":"SMITH"}],"lesson_learned_per_floor":[[],[],[],[],[],[],[],[],[],[],[],[],[],[],[],[],[],[],[],[],[],[]],"neow_cost":"NONE","improvable_cards":{},"seed_source_timestamp":26789659243250,"shop_contents":[{"floor":3,"relics":["CeramicFish","Meat on the Bone","Strange Spoon"],"cards":["Thunderclap","True Grit","Armaments","Rupture","Swift Strike","Magnetism"],"potions":["SpeedPotion","Strength Potion"]}],"circlet_count":0,"master_deck":["AscendersBane","Strike_R","Strike_R","Strike_R","Strike_R","Defend_R","Defend_R","Defend_R","Bash","Fire Breathing","Shockwave","Uppercut+1","Twin Strike","Combust","Feel No Pain","Rupture","Immolate+1","Flame Barrier","Feed","True Grit","Power Through+1","Fiend Fire","Perfected Strike"],"special_seed":0,"potion_use_per_floor":[[],[],[],["BloodPotion"],[],["BlessingOfTheForge"],[],[],[],[],[],[],[],["Strength Potion"],[],[],[],["Regen Potion"],[],["BlessingOfTheForge"],[],[]],"relics":["Burning Blood","Lantern","Shovel","InkBottle","Philosopher\u0027s Stone","Red Mask"],"potions_floor_usage":[20],"damage_taken":[{"damage":7.0,"enemies":"Cultist","floor":1.0,"turns":4.0},{"damage":10.0,"enemies":"2 Louse","floor":2.0,"turns":3.0},{"damage":9.0,"enemies":"Jaw Worm","floor":4.0,"turns":3.0},{"damage":16.0,"enemies":"Exordium Thugs","floor":5.0,"turns":5.0},{"damage":30.0,"enemies":"Gremlin Nob","floor":6.0,"turns":4.0},{"damage":29.0,"enemies":"3 Sentries","floor":8.0,"turns":5.0},{"damage":3.0,"enemies":"Looter","floor":10.0,"turns":3.0},{"damage":16.0,"enemies":"Exordium Wildlife","floor":11.0,"turns":3.0},{"damage":12.0,"enemies":"Gremlin Gang","floor":14.0,"turns":5.0},{"damage":28.0,"enemies":"Slime Boss","floor":16.0,"turns":8.0},{"damage":32.0,"enemies":"Spheric Guardian","floor":18.0,"turns":5.0},{"damage":43,"enemies":"Masked Bandits","floor":19,"turns":6},{"damage":15,"enemies":"3 Byrds","floor":20,"turns":3},{"damage":0,"enemies":"Centurion and Healer","floor":22,"turns":2}],"seed_played":"-7958925977732671623","neow_bonus_log":{"cardsObtained":[],"cardsUpgraded":[],"cardsRemoved":[],"cardsTransformed":[],"relicsObtained":[],"maxHpGained":0,"goldGained":100,"damageTaken":0,"goldLost":0,"maxHpLost":0},"potions_obtained":[{"floor":2.0,"key":"BloodPotion"},{"floor":4.0,"key":"Strength Potion"},{"floor":6.0,"key":"Weak Potion"},{"floor":8.0,"key":"BlessingOfTheForge"},{"floor":14.0,"key":"Regen Potion"}],"is_trial":false,"path_per_floor":["M","M","$","M","M","E","R","E","T","M","M","R","?","M","R","B",null,"M","?","M","?","M"],"character_chosen":"IRONCLAD","basemod:card_modifiers":[null,null,null,null,null,null,null,null,null,null,null,null,null,null,null,null,null,null,null,null,null,null,null],"items_purchased":["Uppercut","BlessingOfTheForge"],"campfire_rested":1,"item_purchase_floors":[3,3],"current_hp_per_floor":[67,63,63,75,65,41,41,18,18,21,11,33,58,52,52,30,64,52,18,9,9,9],"gold":346,"neow_bonus":"HUNDRED_GOLD","is_prod":false,"is_daily":false,"rewards_skipped":[{"floor":5,"relics":[],"potions":["BloodPotion"]}],"chose_seed":false,"campfire_upgraded":2,"win_rate":0,"floor_exit_playtime":[92,122,237,276,380,474,482,585,589,621,691,696,703,770,779,908,1011,1107,1198,1286,1310],"timestamp":1717720399,"path_taken":["M","M","$","M","M","E","R","E","T","M","M","R","?","M","R","BOSS","M","?","M","?","M"],"build_version":"2022-12-01","purchased_purges":0,"victory":false,"max_hp_per_floor":[75,75,75,75,75,75,75,75,75,75,75,75,75,75,75,75,75,75,78,78,78,78],"relic_stats":{"Shovel":0,"counters":[14,59],"obtain_stats":[{"Lantern":6,"Shovel":8,"Philosopher\u0027s Stone":17,"Red Mask":19,"Burning Blood":0,"InkBottle":9},{"Lantern":5,"Shovel":6,"Philosopher\u0027s Stone":10,"Red Mask":12,"Burning Blood":0,"InkBottle":6},{"Lantern":19,"Shovel":24,"Philosopher\u0027s Stone":43,"Red Mask":54,"Burning Blood":0,"InkBottle":24}],"Burning Blood":78,"InkBottle":[8]},"card_choices":[{"not_picked":["Armaments","Shrug It Off"],"picked":"Fire Breathing","floor":1.0},{"not_picked":["Evolve","Fire Breathing"],"picked":"Shockwave","floor":2.0},{"not_picked":["Sever Soul","Sword Boomerang"],"picked":"Twin Strike","floor":4.0},{"not_picked":["Intimidate","Spot Weakness"],"picked":"Combust","floor":5.0},{"not_picked":["Reckless Charge","Sword Boomerang"],"picked":"Feel No Pain","floor":6.0},{"not_picked":["Uppercut","Havoc"],"picked":"Rupture","floor":8.0},{"not_picked":["Headbutt","Flex"],"picked":"Immolate","floor":10.0},{"not_picked":["Iron Wave","Seeing Red","Metallicize"],"picked":"SKIP","floor":11.0},{"not_picked":["Clash","Body Slam"],"picked":"Flame Barrier","floor":14.0},{"not_picked":["Impervious","Demon Form"],"picked":"Feed","floor":16.0},{"not_picked":["Anger","Body Slam"],"picked":"True Grit","floor":18.0},{"not_picked":["Havoc","Sever Soul","Pummel"],"picked":"SKIP","floor":19},{"not_picked":["Flex","Armaments"],"picked":"Power Through+1","floor":20}],"player_experience":144702,"relics_obtained":[{"floor":6.0,"key":"Lantern"},{"floor":8.0,"key":"Shovel"},{"floor":9.0,"key":"InkBottle"},{"floor":19,"key":"Red Mask"}],"event_choices":[{"damage_healed":25.0,"max_hp_gain":0.0,"max_hp_loss":0.0,"gold_gain":0.0,"event_name":"Big Fish","player_choice":"Banana","floor":13.0,"gold_loss":0.0,"damage_taken":0.0},{"damage_healed":0,"gold_gain":0,"player_choice":"Fought Bandits","damage_taken":0,"max_hp_gain":0,"max_hp_loss":0,"event_name":"Masked Bandits","floor":19,"gold_loss":0},{"damage_healed":0,"gold_gain":0,"cards_transformed":["Strike_R","Defend_R"],"player_choice":"Became Test Subject","damage_taken":0,"max_hp_gain":0,"max_hp_loss":0,"event_name":"Drug Dealer","floor":21,"gold_loss":0,"cards_obtained":["Fiend Fire","Perfected Strike"]}],"is_beta":false,"boss_relics":[{"not_picked":["SacredBark","Astrolabe"],"picked":"Philosopher\u0027s Stone"}],"items_purged_floors":[],"is_endless":false,"potions_floor_spawned":[2,4,5,6,8,14],"killed_by":"Centurion and Healer","ascension_level":20,"potion_discard_per_floor":[[],[],[],[],[],[],[],["Weak Potion"],[],[],[],[],[],[],[],[],[],[],[],[],[],[]]}