{"neow_bonuses_skipped_log":["ONE_RANDOM_RARE_CARD","THREE_ENEMY_KILL","ONE_RARE_RELIC"],"potions_obtained_entropic_brew":[[],[],[],[],[],[],[],[],[],[],[],[],[],[],[],[],[],[],[],[],[],[],[],[],[],[],[],[],[],[],[],[],[]],"neow_costs_skipped_log":["NONE","NONE","NO_GOLD"],"gold_per_floor":[112,131,141,141,160,160,73,73,100,111,111,53,53,82,82,161,161,173,173,151,170,170,170,56,56,83,83,183,199,159,187,187,187],"floor_reached":33,"playtime":2564,"items_purged":["Bite"],"score":551,"play_id":"fb93524d-c4bd-4e4b-9fd3-7444a719f8e8","local_time":"20240606081430","score_breakdown":["Floors Climbed (33): 165","Enemies Slain (9): 18","Exordium Elites Killed (1): 10","City Elites Killed (1): 20","Bosses Slain (1): 50","Collector (1): 25","Ascension (20): 263"],"is_ascension_mode":true,"potions_obtained_alchemize":[[],[],[],[],[],[],[],[],[],[],[],[],[],[],[],[],[],[],[],[],[],[],[],[],[],[],[],[],[],[],[],[],[]],"campfire_choices":[{"data":"Searing Blow","floor":6,"key":"SMITH"},{"data":"Searing Blow+1","floor":8,"key":"SMITH"},{"data":"Searing Blow+2","floor":11,"key":"SMITH"},{"data":"Searing Blow+3","floor":13,"key":"SMITH"},{"data":"True Grit","floor":15,"key":"SMITH"},{"data":"Searing Blow+4","floor":23,"key":"SMITH"},{"data":"Dark Embrace","floor":25,"key":"SMITH"},{"data":"Searing Blow+5","floor":27,"key":"SMITH"},{"data":"Searing Blow+6","floor":32,"key":"SMITH"}],"lesson_learned_per_floor":[[],[],[],[],[],[],[],[],[],[],[],[],[],[],[],[],[],[],[],[],[],[],[],[],[],[],[],[],[],[],[],[],[]],"neow_cost":"NONE","improvable_cards":{},"seed_source_timestamp":4435847742250,"shop_contents":[{"floor":7,"relics":["Omamori","Question Card","Strange Spoon"],"cards":["Carnage","Rampage","Rage","Inflame","PanicButton","Secret Weapon"],"potions":["Fire Potion","Explosive Potion","DistilledChaos"]},{"floor":12,"relics":["Regal Pillow","Pear","HandDrill"],"cards":["Blood for Blood","Dropkick","Entrench","Combust","Blind","Sadistic Nature"],"potions":["LiquidMemories","ElixirPotion","SteroidPotion"]},{"floor":24,"relics":["Bronze Scales","Potion Belt","Toolbox"],"cards":["Rampage","Iron Wave","Rage","Evolve","Impatience","Secret Technique"],"potions":["ElixirPotion","SkillPotion","PowerPotion"]}],"circlet_count":0,"master_deck":["AscendersBane","Defend_R","Defend_R","Defend_R","Bash","Searing Blow+7","Feed","Power Through","Battle Trance","Shrug It Off","True Grit+1","Dark Embrace+1","Fiend Fire","Clothesline+1","Bite","Bite","Bite","Bite","Evolve","Seeing Red","Battle Trance","Power Through","Headbutt","Headbutt","Double Tap"],"potion_use_per_floor":[[],[],[],[],[],[],[],[],[],[],[],[],[],["BlessingOfTheForge"],[],["SkillPotion"],[],[],[],["Dexterity Potion"],[],[],[],[],[],[],[],["SteroidPotion"],[],[],["ElixirPotion"],[],["FairyPotion"]],"relics":["Mark of Pain","NlothsMask","Akabeko","Empty Cage","Mango","Kunai","Shuriken"],"potions_floor_usage":[14,16,20,28,31],"damage_taken":[{"damage":6,"enemies":"Cultist","floor":1,"turns":3},{"damage":11,"enemies":"Small Slimes","floor":2,"turns":4},{"damage":8,"enemies":"2 Louse","floor":3,"turns":3},{"damage":8,"enemies":"Exordium Thugs","floor":5,"turns":5},{"damage":1,"enemies":"Looter","floor":10,"turns":4},{"damage":2,"enemies":"Gremlin Nob","floor":14,"turns":3},{"damage":40,"enemies":"The Guardian","floor":16,"turns":12},{"damage":14,"enemies":"3 Byrds","floor":18,"turns":7},{"damage":12,"enemies":"2 Thieves","floor":20,"turns":4},{"damage":15,"enemies":"Snake Plant","floor":21,"turns":3},{"damage":6,"enemies":"Colosseum Slavers","floor":28,"turns":5},{"damage":0,"enemies":"Colosseum Nobs","floor":28,"turns":7},{"damage":10,"enemies":"Shelled Parasite and Fungi","floor":29,"turns":10},{"damage":53,"enemies":"Gremlin Leader","floor":31,"turns":8},{"damage":110,"enemies":"Collector","floor":33,"turns":9}],"seed_played":"7244887670936092535","neow_bonus_log":{"cardsObtained":[],"cardsUpgraded":[],"cardsRemoved":[],"cardsTransformed":[],"relicsObtained":["Mark of Pain"],"maxHpGained":0,"goldGained":0,"damageTaken":0,"goldLost":0,"maxHpLost":0},"potions_obtained":[{"floor":3,"key":"SkillPotion"},{"floor":10,"key":"BlessingOfTheForge"},{"floor":16,"key":"Dexterity Potion"},{"floor":18,"key":"SteroidPotion"},{"floor":29,"key":"ElixirPotion"},{"floor":30,"key":"FairyPotion"}],"is_trial":false,"path_per_floor":["M","M","M","?","M","R","$","R","T","M","R","$","R","E","R","B",null,"M","?","M","M","?","R","$","R","T","R","?","M","?","E","R","B"],"character_chosen":"IRONCLAD","basemod:card_modifiers":[null,null,null,null,null,null,null,null,null,null,null,null,null,null,null,null,null,null,null,null,null,null,null,null,null],"items_purchased":["Battle Trance","True Grit","Power Through"],"campfire_rested":0,"item_purchase_floors":[7,12,24],"current_hp_per_floor":[62,51,43,43,38,38,38,38,38,40,40,40,40,41,41,1,63,52,52,48,33,33,33,33,33,33,33,58,65,65,25,25,0],"gold":187,"neow_bonus":"BOSS_RELIC","is_prod":false,"is_daily":false,"rewards_skipped":[{"floor":30,"relics":[],"potions":["SneckoOil","DistilledChaos"]}],"chose_seed":false,"campfire_upgraded":9,"win_rate":0,"floor_exit_playtime":[175,211,238,244,304,313,344,355,359,401,409,437,454,506,513,695,817,998,1003,1167,1235,1276,1286,1308,1323,1328,1339,1604,1935,1957,2290,2310],"timestamp":1717686870,"blue_key_relic_skipped_log":{"floor":26,"relicID":"Tiny Chest"},"path_taken":["M","M","M","?","M","R","?","R","T","M","R","$","R","E","R","BOSS","M","?","M","M","?","R","$","R","T","R","?","?","?","E","R","BOSS"],"build_version":"2022-12-01","purchased_purges":1,"victory":false,"max_hp_per_floor":[75,75,75,75,78,78,78,78,78,81,81,81,81,84,84,84,84,87,60,60,60,60,60,60,60,60,60,77,80,80,83,83,83],"relic_stats":{"counters":[15,87],"Shuriken":[2],"Kunai":[5],"obtain_stats":[{"Shuriken":31,"Mango":28,"Mark of Pain":0,"Kunai":28,"Empty Cage":17,"Burning Blood":0,"Akabeko":14,"NlothsMask":4},{"Shuriken":14,"Mango":12,"Mark of Pain":0,"Kunai":12,"Empty Cage":7,"Burning Blood":0,"Akabeko":6,"NlothsMask":3},{"Shuriken":78,"Mango":60,"Mark of Pain":0,"Kunai":60,"Empty Cage":34,"Burning Blood":0,"Akabeko":22,"NlothsMask":10}]},"card_choices":[{"not_picked":["Clash","Body Slam","Dual Wield"],"picked":"SKIP","floor":1},{"not_picked":["Second Wind","Warcry"],"picked":"Searing Blow","floor":2},{"not_picked":["Twin Strike","Heavy Blade"],"picked":"Feed","floor":3},{"not_picked":["Warcry","Twin Strike"],"picked":"Power Through","floor":5},{"not_picked":["Perfected Strike","Fire Breathing"],"picked":"Shrug It Off","floor":10},{"not_picked":["Armaments","Pummel"],"picked":"Dark Embrace","floor":14},{"not_picked":["Demon Form","Feed"],"picked":"Fiend Fire","floor":16},{"not_picked":["Perfected Strike","Shrug It Off"],"picked":"Clothesline+1","floor":18},{"not_picked":["Twin Strike","Anger"],"picked":"Evolve","floor":20},{"not_picked":["Burning Pact+1","Entrench"],"picked":"Seeing Red","floor":21},{"not_picked":["Shrug It Off","Pommel Strike"],"picked":"Headbutt","floor":28},{"not_picked":["Heavy Blade","Carnage"],"picked":"Headbutt","floor":29},{"not_picked":["Spot Weakness","Thunderclap"],"picked":"Double Tap","floor":31}],"player_experience":217580,"relics_obtained":[{"floor":14,"key":"Akabeko"},{"floor":28,"key":"Mango"},{"floor":28,"key":"Kunai"},{"floor":31,"key":"Shuriken"}],"event_choices":[{"damage_healed":0,"gold_gain":0,"player_choice":"Trade","damage_taken":0,"relics_obtained":["NlothsMask"],"max_hp_gain":0,"max_hp_loss":0,"event_name":"FaceTrader","floor":4,"gold_loss":0},{"damage_healed":0,"gold_gain":0,"player_choice":"Became a vampire","damage_taken":0,"max_hp_gain":0,"max_hp_loss":27,"event_name":"Vampires","floor":19,"gold_loss":0,"cards_obtained":["Bite","Bite","Bite","Bite","Bite"]},{"damage_healed":0,"gold_gain":0,"player_choice":"Copied","damage_taken":0,"max_hp_gain":0,"max_hp_loss":0,"event_name":"Duplicator","floor":22,"gold_loss":0,"cards_obtained":["Battle Trance"]},{"damage_healed":0,"gold_gain":0,"player_choice":"Fight","damage_taken":0,"max_hp_gain":0,"max_hp_loss":0,"event_name":"Colosseum","floor":28,"gold_loss":0},{"damage_healed":0,"gold_gain":0,"player_choice":"Fought Nobs","damage_taken":0,"max_hp_gain":0,"max_hp_loss":0,"event_name":"Colosseum","floor":28,"gold_loss":0},{"damage_healed":0,"gold_gain":0,"player_choice":"Bought 3 Potions","damage_taken":0,"max_hp_gain":0,"max_hp_loss":0,"event_name":"The Woman in Blue","floor":30,"gold_loss":0}],"is_beta":false,"boss_relics":[{"not_picked":["Black Star","SlaversCollar"],"picked":"Empty Cage"}],"items_purged_floors":[24],"is_endless":false,"potions_floor_spawned":[3,10,16,18,29],"killed_by":"Collector","ascension_level":20,"potion_discard_per_floor":[[],[],[],[],[],[],[],[],[],[],[],[],[],[],[],[],[],[],[],[],[],[],[],[],[],[],[],[],[],[],[],[],[]]}