{"neow_bonuses_skipped_log":["TRANSFORM_CARD","TEN_PERCENT_HP_BONUS","BOSS_RELIC"],"neow_costs_skipped_log":["NONE","NONE","NONE"],"potions_obtained_entropic_brew":[[],[],[],[],[],[],[],[],[],[],[]],"gold_per_floor":[111,36,36,53,66,92,92,126,126,144,144],"floor_reached":11,"playtime":1895,"items_purged":[],"score":166,"play_id":"4d3dfb94-451c-4485-b643-7be5ccb2f5f6","local_time":"20240612083322","score_breakdown":["Floors Climbed (11): 55","Enemies Slain (4): 8","Exordium Elites Killed (2): 20","Bosses Slain (0): 0","Ascension (20): 83"],"is_ascension_mode":true,"potions_obtained_alchemize":[[],[],[],[],[],[],[],[],[],[],[]],"campfire_choices":[{"floor":7,"key":"REST"}],"lesson_learned_per_floor":[[],[],[],[],[],[],[],[],[],[],[]],"neow_cost":"PERCENT_DAMAGE","improvable_cards":{},"seed_source_timestamp":2815054953208,"shop_contents":[],"circlet_count":0,"master_deck":["AscendersBane","Strike_R","Strike_R","Strike_R","Strike_R","Defend_R","Defend_R","Defend_R","Bash","Apotheosis","Iron Wave","Spot Weakness","Sword Boomerang","Evolve","Demon Form","Sword Boomerang","Feel No Pain"],"potion_use_per_floor":[[],[],[],[],[],["Weak Potion"],[],["DistilledChaos"],[],[],[]],"relics":["Burning Blood","Omamori","Matryoshka","Vajra","Bag of Marbles"],"potions_floor_usage":[6,8],"damage_taken":[{"damage":7,"enemies":"Jaw Worm","floor":1,"turns":4},{"damage":0,"enemies":"2 Louse","floor":4,"turns":3},{"damage":7,"enemies":"Small Slimes","floor":5,"turns":4},{"damage":38,"enemies":"Gremlin Nob","floor":6,"turns":5},{"damage":26,"enemies":"3 Sentries","floor":8,"turns":7},{"damage":18,"enemies":"Exordium Thugs","floor":10,"turns":4},{"damage":28,"enemies":"Red Slaver","floor":11,"turns":4}],"seed_played":"-484829923179771114","neow_bonus_log":{"cardsObtained":[],"cardsUpgraded":[],"cardsRemoved":[],"cardsTransformed":[],"relicsObtained":[],"maxHpGained":0,"goldGained":0,"damageTaken":18,"goldLost":0,"maxHpLost":0},"potions_obtained":[{"floor":4,"key":"ElixirPotion"},{"floor":5,"key":"Weak Potion"},{"floor":6,"key":"DistilledChaos"}],"is_trial":false,"path_per_floor":["M","?","?","M","M","E","R","E","T","M","M"],"character_chosen":"IRONCLAD","basemod:card_modifiers":[null,null,null,null,null,null,null,null,null,null,null,null,null,null,null,null,null],"items_purchased":[],"campfire_rested":1,"item_purchase_floors":[],"current_hp_per_floor":[49,49,49,55,54,22,44,24,24,12,0],"gold":144,"neow_bonus":"RANDOM_COLORLESS_2","is_prod":false,"is_daily":false,"rewards_skipped":[],"chose_seed":false,"campfire_upgraded":0,"win_rate":0,"floor_exit_playtime":[1385,1404,1411,1455,1505,1661,1666,1785,1790,1835],"timestamp":1718206402,"path_taken":["M","?","?","M","M","E","R","E","T","M","M"],"build_version":"2022-12-01","purchased_purges":0,"victory":false,"max_hp_per_floor":[75,75,75,75,75,75,75,75,75,75,75],"relic_stats":{"Matryoshka":1,"counters":[7,31],"Omamori":0,"obtain_stats":[{"Matryoshka":8,"Vajra":9,"Omamori":6,"Bag of Marbles":9,"Burning Blood":0},{"Matryoshka":5,"Vajra":5,"Omamori":4,"Bag of Marbles":5,"Burning Blood":0},{"Matryoshka":23,"Vajra":23,"Omamori":16,"Bag of Marbles":23,"Burning Blood":0}],"Burning Blood":36},"card_choices":[{"not_picked":["The Bomb","Thinking Ahead"],"picked":"Apotheosis","floor":0},{"not_picked":["Sword Boomerang","Spot Weakness"],"picked":"Iron Wave","floor":1},{"not_picked":["Armaments","Brutality"],"picked":"Sword Boomerang","floor":4},{"not_picked":["Iron Wave","Combust"],"picked":"Evolve","floor":5},{"not_picked":["Pummel","Dual Wield"],"picked":"Demon Form","floor":6},{"not_picked":["Searing Blow","Perfected Strike"],"picked":"Sword Boomerang","floor":8},{"not_picked":["Metallicize","Thunderclap"],"picked":"Feel No Pain","floor":10}],"player_experience":171235,"relics_obtained":[{"floor":6,"key":"Omamori"},{"floor":8,"key":"Matryoshka"},{"floor":9,"key":"Vajra"},{"floor":9,"key":"Bag of Marbles"}],"event_choices":[{"cards_removed":["Defend_R"],"damage_healed":0,"gold_gain":0,"player_choice":"Card Removal","damage_taken":0,"max_hp_gain":0,"max_hp_loss":0,"event_name":"The Cleric","floor":2,"gold_loss":75},{"damage_healed":0,"gold_gain":0,"cards_transformed":["Strike_R"],"player_choice":"Change","damage_taken":0,"max_hp_gain":0,"max_hp_loss":0,"event_name":"Living Wall","floor":3,"gold_loss":0,"cards_obtained":["Spot Weakness"]}],"is_beta":false,"boss_relics":[],"items_purged_floors":[],"is_endless":false,"potions_floor_spawned":[4,5,6],"killed_by":"Red Slaver","ascension_level":20,"potion_discard_per_floor":[[],[],[],[],[],[],[],[],[],[],[]]}