{"neow_bonuses_skipped_log":["RANDOM_COLORLESS","REMOVE_TWO","BOSS_RELIC"],"potions_obtained_entropic_brew":[[],[],[],[],[],[],[],[],[],[],[],[],[],[],[],[],[],[],[],[],[],[],[],[],[],[],[],[],[],[],[],[],[],[],[],[],[],[],[],[],[],[],[],[],[],[],[],[],[],[],[]],"neow_costs_skipped_log":["NONE","NO_GOLD","NONE"],"gold_per_floor":[217,236,250,269,52,82,82,92,118,136,136,149,175,192,192,269,269,286,61,61,61,61,95,95,127,127,127,142,154,154,64,64,140,140,156,169,13,13,13,45,69,69,96,96,111,111,123,156,156,156,156],"floor_reached":51,"playtime":2493,"items_purged":["Strike_R","Defend_R"],"score":1560,"play_id":"a274e87b-b6f3-4179-b5c4-f38bbbc637c8","local_time":"20240620111618","score_breakdown":["Floors Climbed (51): 255","Enemies Slain (15): 30","Exordium Elites Killed (2): 20","City Elites Killed (2): 40","Beyond Elites Killed (2): 60","Bosses Slain (3): 300","Collector (1): 25","Librarian: 25","Champion (2): 50","Ascension (20): 755"],"is_ascension_mode":true,"potions_obtained_alchemize":[[],[],[],[],[],[],[],[],[],[],[],[],[],[],[],[],[],[],[],[],[],[],[],[],[],[],[],[],[],[],[],[],[],[],[],[],[],[],[],[],[],[],[],[],[],[],[],[],[],[],[]],"campfire_choices":[{"data":"Pommel Strike","floor":7,"key":"SMITH"},{"data":"Bash","floor":11,"key":"SMITH"},{"data":"Shockwave","floor":15,"key":"SMITH"},{"data":"Pommel Strike","floor":27,"key":"SMITH"},{"data":"Heavy Blade","floor":30,"key":"SMITH"},{"floor":32,"key":"REST"},{"data":"Dark Embrace","floor":42,"key":"SMITH"},{"data":"Perfected Strike","floor":44,"key":"SMITH"},{"data":"Disarm","floor":46,"key":"SMITH"},{"floor":49,"key":"RECALL"}],"lesson_learned_per_floor":[[],[],[],[],[],[],[],[],[],[],[],[],[],[],[],[],[],[],[],[],[],[],[],[],[],[],[],[],[],[],[],[],[],[],[],[],[],[],[],[],[],[],[],[],[],[],[],[],[],[],[]],"neow_cost":"NONE","improvable_cards":{},"seed_source_timestamp":229197401837250,"shop_contents":[{"floor":5,"relics":["Calipers","Dream Catcher","Toolbox"],"cards":["Wild Strike","Entrench","Dramatic Entrance","Magnetism"],"potions":["EntropicBrew","CultistPotion"]},{"floor":19,"relics":["Self Forming Clay","Frozen Egg 2"],"cards":["Sword Boomerang","Flex","Entrench","Rupture","Dramatic Entrance","Magnetism"],"potions":["PowerPotion","Swift Potion","Weak Potion"]},{"floor":37,"relics":["Toy Ornithopter","Vajra","Lee\u0027s Waffle"],"cards":["Wild Strike","Flex","Metallicize","Dramatic Entrance","Secret Technique"],"potions":["ElixirPotion","FairyPotion","Dexterity Potion"]}],"circlet_count":0,"master_deck":["AscendersBane","Strike_R","Strike_R","Strike_R+1","Strike_R","Defend_R","Defend_R","Defend_R","Bash+1","Pommel Strike+1","Headbutt","Iron Wave","Offering","Fire Breathing","Anger+1","Shrug It Off","Burning Pact","Twin Strike","Cleave","Perfected Strike+1","Shockwave+1","Immolate","Pommel Strike+1","Disarm+1","Necronomicurse","Pommel Strike+1","Dark Embrace+1","Spot Weakness","Heavy Blade+1","Impervious","Power Through","Ghostly Armor","Fiend Fire","Perfected Strike","Dark Embrace+1","Perfected Strike","Pommel Strike+1"],"potion_use_per_floor":[[],[],[],[],[],[],[],[],[],[],[],["AttackPotion"],[],[],[],["BloodPotion"],[],[],[],[],[],[],[],[],[],[],[],[],[],[],[],[],[],[],[],[],[],[],[],[],[],[],[],[],[],[],["LiquidMemories"],[],[],["Swift Potion"],["PowerPotion"]],"relics":["Burning Blood","Bag of Marbles","PreservedInsect","MealTicket","Velvet Choker","Membership Card","Necronomicon","StoneCalendar","Champion Belt","Mercury Hourglass","Orichalcum","Runic Cube","Whetstone","Pen Nib","Strawberry"],"potions_floor_usage":[12,16,47,50,51],"damage_taken":[{"damage":9,"enemies":"Jaw Worm","floor":1,"turns":5},{"damage":5,"enemies":"2 Louse","floor":2,"turns":3},{"damage":10,"enemies":"Small Slimes","floor":3,"turns":3},{"damage":7,"enemies":"Looter","floor":4,"turns":4},{"damage":23,"enemies":"3 Sentries","floor":6,"turns":6},{"damage":6,"enemies":"Large Slime","floor":8,"turns":4},{"damage":8,"enemies":"Blue Slaver","floor":10,"turns":4},{"damage":10,"enemies":"Exordium Thugs","floor":12,"turns":3},{"damage":21,"enemies":"Lagavulin","floor":13,"turns":7},{"damage":1,"enemies":"3 Louse","floor":14,"turns":2},{"damage":36,"enemies":"Hexaghost","floor":16,"turns":9},{"damage":11,"enemies":"2 Thieves","floor":18,"turns":2},{"damage":18,"enemies":"Book of Stabbing","floor":23,"turns":2},{"damage":0,"enemies":"Slavers","floor":25,"turns":1},{"damage":6,"enemies":"Shell Parasite","floor":28,"turns":1},{"damage":27,"enemies":"Chosen and Byrds","floor":29,"turns":4},{"damage":41,"enemies":"Champ","floor":33,"turns":10},{"damage":4,"enemies":"3 Shapes","floor":35,"turns":3},{"damage":0,"enemies":"3 Darklings","floor":36,"turns":1},{"damage":30,"enemies":"Giant Head","floor":40,"turns":6},{"damage":3,"enemies":"Jaw Worm Horde","floor":45,"turns":2},{"damage":18,"enemies":"Writhing Mass","floor":47,"turns":4},{"damage":6,"enemies":"Nemesis","floor":48,"turns":1},{"damage":36,"enemies":"Time Eater","floor":50,"turns":8},{"damage":20,"enemies":"Donu and Deca","floor":51,"turns":4}],"green_key_taken_log":40,"seed_played":"797717632255388669","neow_bonus_log":{"cardsObtained":[],"cardsUpgraded":[],"cardsRemoved":[],"cardsTransformed":[],"relicsObtained":[],"maxHpGained":0,"goldGained":100,"damageTaken":0,"goldLost":0,"maxHpLost":0},"potions_obtained":[{"floor":3,"key":"Block Potion"},{"floor":6,"key":"AttackPotion"},{"floor":10,"key":"BloodPotion"},{"floor":14,"key":"Swift Potion"},{"floor":18,"key":"Fire Potion"},{"floor":28,"key":"LiquidMemories"},{"floor":47,"key":"Energy Potion"},{"floor":48,"key":"PowerPotion"}],"is_trial":false,"path_per_floor":["M","M","M","M","$","E","R","M","T","M","R","M","E","M","R","B",null,"M","$","?","?","?","E","?","E","T","R","M","M","R","?","R","B",null,"M","M","$","?","?","E","T","R","T","R","M","R","M","E","R","B","B"],"character_chosen":"IRONCLAD","basemod:card_modifiers":[null,null,null,null,null,null,null,null,null,null,null,null,null,null,null,null,null,null,null,null,null,null,null,null,null,null,null,null,null,null,null,null,null,null,null,null,null],"items_purchased":["Fire Breathing","Anger","Shrug It Off","Fire Potion","Membership Card","Pommel Strike","Ghostly Armor","Fiend Fire"],"campfire_rested":1,"item_purchase_floors":[5,5,5,5,19,19,37,37],"current_hp_per_floor":[65,66,62,61,61,44,44,44,44,42,42,38,23,28,28,13,60,55,70,70,49,49,37,37,43,43,43,43,22,22,22,44,9,59,61,67,75,75,75,51,51,51,51,51,54,54,42,49,49,19,0],"gold":156,"neow_bonus":"HUNDRED_GOLD","is_prod":false,"is_daily":false,"rewards_skipped":[{"floor":8,"relics":[],"potions":["Dexterity Potion"]},{"floor":35,"relics":[],"potions":["FearPotion"]},{"floor":36,"relics":[],"potions":["SteroidPotion"]}],"chose_seed":false,"campfire_upgraded":8,"win_rate":0,"floor_exit_playtime":[84,115,156,190,237,359,377,470,473,519,527,594,683,720,736,855,878,915,961,979,1002,1011,1043,1098,1108,1112,1129,1167,1268,1278,1286,1305,1450,1480,1580,1613,1648,1674,1738,1926,1933,1942,1946,1960,2004,2032,2147,2181,2185,2395],"timestamp":1718896578,"blue_key_relic_skipped_log":{"floor":43,"relicID":"Akabeko"},"path_taken":["M","M","M","M","$","E","R","M","T","M","R","M","E","M","R","BOSS","M","$","?","?","?","E","?","E","T","R","M","M","R","?","R","BOSS","M","M","$","?","?","E","?","R","T","R","?","R","M","E","R","BOSS","BOSS"],"build_version":"2022-12-01","purchased_purges":2,"victory":false,"max_hp_per_floor":[75,75,75,75,75,75,75,75,75,75,75,75,75,75,75,75,75,75,75,75,75,75,75,75,75,75,75,75,75,75,75,75,75,75,75,75,75,75,75,75,75,75,75,75,75,75,75,82,82,82,82],"relic_stats":{"counters":[25,99],"StoneCalendar":[104],"PreservedInsect":293,"Pen Nib":[3],"Whetstone":["Strike_R","Anger"],"Orichalcum":[60],"Burning Blood":144,"Mercury Hourglass":[126],"MealTicket":23,"Necronomicon":[25],"Membership Card":220,"Champion Belt":[30],"obtain_stats":[{"Velvet Choker":17,"StoneCalendar":23,"PreservedInsect":9,"Pen Nib":41,"Whetstone":40,"Orichalcum":31,"Burning Blood":0,"Mercury Hourglass":26,"Strawberry":48,"MealTicket":13,"Bag of Marbles":6,"Necronomicon":21,"Membership Card":19,"Champion Belt":25,"Runic Cube":34},{"Velvet Choker":11,"StoneCalendar":13,"PreservedInsect":6,"Pen Nib":20,"Whetstone":20,"Orichalcum":16,"Burning Blood":0,"Mercury Hourglass":14,"Strawberry":23,"MealTicket":9,"Bag of Marbles":5,"Necronomicon":12,"Membership Card":12,"Champion Belt":14,"Runic Cube":17},{"Velvet Choker":50,"StoneCalendar":54,"PreservedInsect":25,"Pen Nib":80,"Whetstone":80,"Orichalcum":60,"Burning Blood":0,"Mercury Hourglass":55,"Strawberry":87,"MealTicket":39,"Bag of Marbles":21,"Necronomicon":52,"Membership Card":52,"Champion Belt":55,"Runic Cube":70}],"Runic Cube":[19]},"card_choices":[{"not_picked":["Wild Strike","Clothesline"],"picked":"Pommel Strike","floor":1},{"not_picked":["Thunderclap","Havoc"],"picked":"Headbutt","floor":2},{"not_picked":["Warcry","Seeing Red"],"picked":"Iron Wave","floor":3},{"not_picked":["Headbutt","Bloodletting"],"picked":"Offering","floor":4},{"not_picked":["Entrench","Metallicize"],"picked":"Burning Pact","floor":6},{"not_picked":["Flex","Shrug It Off"],"picked":"Twin Strike","floor":8},{"not_picked":["Clash","Wild Strike","Clothesline"],"picked":"SKIP","floor":10},{"not_picked":["Hemokinesis","Wild Strike"],"picked":"Cleave","floor":12},{"not_picked":["Inflame","Anger"],"picked":"Perfected Strike","floor":13},{"not_picked":["Body Slam","Wild Strike"],"picked":"Shockwave","floor":14},{"not_picked":["Impervious","Brutality"],"picked":"Immolate","floor":16},{"not_picked":["Wild Strike","Sever Soul","Rage"],"picked":"SKIP","floor":18},{"not_picked":["Uppercut","Clash","Warcry","Perfected Strike","Havoc","Wild Strike","Armaments","Cleave","Clothesline","Headbutt","Shrug It Off","Pummel","Seeing Red","Sword Boomerang","Shockwave","Thunderclap","True Grit","Pommel Strike","Twin Strike"],"picked":"Disarm","floor":20},{"not_picked":["Thunderclap+1","Sword Boomerang"],"picked":"Pommel Strike","floor":23},{"not_picked":["Bloodletting","Body Slam"],"picked":"Dark Embrace+1","floor":25},{"not_picked":["Clash","Body Slam"],"picked":"Spot Weakness","floor":28},{"not_picked":["Infernal Blade","Flex"],"picked":"Heavy Blade","floor":29},{"not_picked":["Double Tap","Feed"],"picked":"Impervious","floor":33},{"not_picked":["Clash+1","Clothesline"],"picked":"Power Through","floor":35},{"not_picked":["Rage","Pummel+1","Combust+1"],"picked":"SKIP","floor":36},{"not_picked":["Blood for Blood+1","Clothesline"],"picked":"Dark Embrace","floor":40},{"not_picked":["Fire Breathing+1","Clash"],"picked":"Perfected Strike","floor":45},{"not_picked":["Twin Strike","Iron Wave"],"picked":"Pommel Strike+1","floor":47},{"not_picked":["Ghostly Armor","Cleave","Flex+1"],"picked":"SKIP","floor":48}],"player_experience":187975,"relics_obtained":[{"floor":6,"key":"Bag of Marbles"},{"floor":9,"key":"PreservedInsect"},{"floor":13,"key":"MealTicket"},{"floor":21,"key":"Necronomicon"},{"floor":23,"key":"StoneCalendar"},{"floor":25,"key":"Champion Belt"},{"floor":26,"key":"Mercury Hourglass"},{"floor":40,"key":"Whetstone"},{"floor":41,"key":"Pen Nib"},{"floor":48,"key":"Strawberry"}],"event_choices":[{"damage_healed":0,"gold_gain":0,"player_choice":"Read","damage_taken":0,"max_hp_gain":0,"max_hp_loss":0,"event_name":"The Library","floor":20,"gold_loss":0,"cards_obtained":["Disarm"]},{"damage_healed":0,"gold_gain":0,"player_choice":"Obtained Book","damage_taken":21,"max_hp_gain":0,"max_hp_loss":0,"event_name":"Cursed Tome","floor":21,"gold_loss":0},{"damage_healed":0,"gold_gain":0,"player_choice":"Ignored","damage_taken":0,"max_hp_gain":0,"max_hp_loss":0,"event_name":"Vampires","floor":24,"gold_loss":0},{"damage_healed":0,"gold_gain":0,"player_choice":"Paid Gold","damage_taken":0,"relics_obtained":["Orichalcum"],"max_hp_gain":0,"max_hp_loss":0,"event_name":"WeMeetAgain","floor":31,"gold_loss":90},{"damage_healed":0,"gold_gain":0,"player_choice":"Forge","damage_taken":0,"max_hp_gain":0,"max_hp_loss":0,"event_name":"Accursed Blacksmith","floor":38,"gold_loss":0,"cards_upgraded":["Pommel Strike"]},{"damage_healed":0,"gold_gain":0,"player_choice":"Copied","damage_taken":0,"max_hp_gain":0,"max_hp_loss":0,"event_name":"Duplicator","floor":39,"gold_loss":0,"cards_obtained":["Perfected Strike"]}],"is_beta":false,"boss_relics":[{"not_picked":["SacredBark","Black Star"],"picked":"Velvet Choker"},{"not_picked":["Cursed Key","Tiny House"],"picked":"Runic Cube"}],"items_purged_floors":[19,37],"is_endless":false,"potions_floor_spawned":[3,6,8,10,14,18,28,35,36,47,48],"killed_by":"Donu and Deca","ascension_level":20,"potion_discard_per_floor":[[],[],[],[],[],["Block Potion"],[],[],[],["Fire Potion"],[],[],[],[],[],[],[],[],[],[],[],[],[],[],[],[],[],["Fire Potion"],[],[],[],[],[],[],[],[],[],[],[],[],[],[],[],[],[],[],[],["Energy Potion"],[],[],[]]}