{"neow_bonuses_skipped_log":["REMOVE_CARD","TEN_PERCENT_HP_BONUS","ONE_RARE_RELIC"],"neow_costs_skipped_log":["NONE","NONE","CURSE"],"potions_obtained_entropic_brew":[[],[],[],[],[],[],[],[],[],[]],"gold_per_floor":[111,128,128,153,172,208,208,248,248,248],"floor_reached":10,"playtime":385,"items_purged":[],"score":156,"play_id":"efff8843-1071-4cfd-a1e6-c84d1822a412","local_time":"20240612080134","score_breakdown":["Floors Climbed (10): 50","Enemies Slain (4): 8","Exordium Elites Killed (2): 20","Bosses Slain (0): 0","Ascension (20): 78"],"is_ascension_mode":true,"potions_obtained_alchemize":[[],[],[],[],[],[],[],[],[],[]],"campfire_choices":[{"floor":7,"key":"REST"}],"lesson_learned_per_floor":[[],[],[],[],[],[],[],[],[],[]],"neow_cost":"NONE","improvable_cards":{},"seed_source_timestamp":2418275685000,"shop_contents":[],"circlet_count":0,"master_deck":["AscendersBane","Strike_R","Strike_R","Strike_R","Strike_R","Defend_R","Defend_R","Bash","Twin Strike+1","Rupture+1","Feel No Pain+1","Anger","Bloodletting","Headbutt","Spot Weakness","Double Tap","Pummel"],"potion_use_per_floor":[[],[],[],[],[],[],["BloodPotion"],["BlessingOfTheForge"],[],[]],"relics":["Astrolabe","Golden Idol","Boot","Girya"],"potions_floor_usage":[7,8],"damage_taken":[{"damage":7,"enemies":"Jaw Worm","floor":1,"turns":3},{"damage":7,"enemies":"Small Slimes","floor":2,"turns":3},{"damage":0,"enemies":"2 Louse","floor":4,"turns":2},{"damage":9,"enemies":"Large Slime","floor":5,"turns":5},{"damage":39,"enemies":"Gremlin Nob","floor":6,"turns":4},{"damage":27,"enemies":"Lagavulin","floor":8,"turns":6},{"damage":39,"enemies":"Gremlin Nob","floor":10,"turns":3}],"seed_played":"-2727254159338349162","neow_bonus_log":{"cardsObtained":[],"cardsUpgraded":[],"cardsRemoved":[],"cardsTransformed":[],"relicsObtained":["Astrolabe"],"maxHpGained":0,"goldGained":0,"damageTaken":0,"goldLost":0,"maxHpLost":0},"potions_obtained":[{"floor":4,"key":"BloodPotion"},{"floor":6,"key":"BlessingOfTheForge"}],"is_trial":false,"path_per_floor":["M","M","?","M","M","E","R","E","T","E"],"character_chosen":"IRONCLAD","basemod:card_modifiers":[null,null,null,null,null,null,null,null,null,null,null,null,null,null,null,null,null],"items_purchased":[],"campfire_rested":1,"item_purchase_floors":[],"current_hp_per_floor":[61,54,54,54,45,6,39,12,12,0],"gold":248,"neow_bonus":"BOSS_RELIC","is_prod":false,"is_daily":false,"rewards_skipped":[],"chose_seed":false,"campfire_upgraded":0,"win_rate":0,"floor_exit_playtime":[71,129,136,168,218,273,289,348,351],"timestamp":1718204494,"blue_key_relic_skipped_log":{"floor":9,"relicID":"Blue Candle"},"path_taken":["M","M","?","M","?","E","R","E","T","E"],"build_version":"2022-12-01","purchased_purges":0,"victory":false,"max_hp_per_floor":[75,75,68,68,68,68,68,68,68,68],"relic_stats":{"Girya":0,"counters":[7,26],"Golden Idol":24,"Astrolabe":["Twin Strike","Rupture","Feel No Pain"],"Boot":[0],"obtain_stats":[{"Girya":8,"Golden Idol":3,"Astrolabe":0,"Boot":6,"Burning Blood":0},{"Girya":6,"Golden Idol":2,"Astrolabe":0,"Boot":5,"Burning Blood":0},{"Girya":23,"Golden Idol":6,"Astrolabe":0,"Boot":17,"Burning Blood":0}]},"card_choices":[{"not_picked":["Seeing Red","Flex"],"picked":"Anger","floor":1},{"not_picked":["Clothesline","Uppercut"],"picked":"Bloodletting","floor":2},{"not_picked":["Sentinel","Twin Strike"],"picked":"Headbutt","floor":4},{"not_picked":["True Grit","Heavy Blade"],"picked":"Spot Weakness","floor":5},{"not_picked":["Infernal Blade","Thunderclap"],"picked":"Double Tap","floor":6},{"not_picked":["Wild Strike","Dual Wield"],"picked":"Pummel","floor":8}],"player_experience":170850,"relics_obtained":[{"floor":6,"key":"Boot"},{"floor":8,"key":"Girya"}],"event_choices":[{"damage_healed":0,"gold_gain":0,"player_choice":"Lose Max HP","damage_taken":0,"relics_obtained":["Golden Idol"],"max_hp_gain":0,"max_hp_loss":7,"event_name":"Golden Idol","floor":3,"gold_loss":0}],"is_beta":false,"boss_relics":[],"items_purged_floors":[],"is_endless":false,"potions_floor_spawned":[4,6],"killed_by":"Gremlin Nob","ascension_level":20,"potion_discard_per_floor":[[],[],[],[],[],[],[],[],[],[]]}