{"neow_bonuses_skipped_log":["THREE_CARDS","HUNDRED_GOLD","BOSS_RELIC"],"potions_obtained_entropic_brew":[[],[],[],[],[],[],[],[],[],[],[],[],[],[],[],[],[],[],[],[],[],[],[],[],[],[],[],[],[],[],[],[],[],[],[],[],[],[],[],[],[],[],[],[],[],[],[],[],[],[],[]],"neow_costs_skipped_log":["NONE","NONE","NONE"],"gold_per_floor":[366,0,20,40,40,74,33,33,33,33,58,81,125,150,150,238,238,264,169,169,185,212,212,242,255,278,168,168,191,221,25,25,112,112,136,136,150,150,150,191,206,216,241,259,259,259,270,97,97,97,97],"floor_reached":51,"playtime":5158,"items_purged":["Strike_R"],"score":1433,"play_id":"2181a0f9-a054-4c2e-9e43-60c242be6ac3","local_time":"20240616205503","falling_options_log":["Turbo","Fire Breathing"],"score_breakdown":["Floors Climbed (51): 255","Enemies Slain (17): 34","Exordium Elites Killed (2): 20","City Elites Killed (2): 40","Beyond Elites Killed (1): 30","Bosses Slain (3): 300","Money Money (1046): 25","Champion (1): 25","Ascension (20): 704"],"is_ascension_mode":true,"potions_obtained_alchemize":[[],[],[],[],[],[],[],[],[],[],[],[],[],[],[],[],[],[],[],[],[],[],[],[],[],[],[],[],[],[],[],[],[],[],[],[],[],[],[],[],[],[],[],[],[],[],[],[],[],[],[]],"campfire_choices":[{"data":"Immolate","floor":8.0,"key":"SMITH"},{"floor":10.0,"key":"REST"},{"data":"Hologram","floor":15.0,"key":"SMITH"},{"floor":23.0,"key":"REST"},{"floor":28.0,"key":"REST"},{"floor":32.0,"key":"REST"},{"floor":45.0,"key":"REST"},{"floor":49.0,"key":"RECALL"}],"lesson_learned_per_floor":[[],[],[],[],[],[],[],[],[],[],[],[],[],[],[],[],[],[],[],[],[],[],[],[],[],[],[],[],[],[],[],[],[],[],[],[],[],[],[],[],[],[],[],[],[],[],[],[],[],[],[]],"neow_cost":"PERCENT_DAMAGE","improvable_cards":{},"seed_source_timestamp":0,"shop_contents":[{"floor":2,"relics":["Toy Ornithopter","Juzu Bracelet"],"cards":["Body Slam","Clash","Flex","Mind Blast","Secret Technique"],"potions":["Ancient Potion","Ancient Potion"]},{"floor":7,"relics":["Shovel","Omamori","Lee\u0027s Waffle"],"cards":["Sever Soul","Havoc","Shrug It Off","Feel No Pain","Purity","HandOfGreed"],"potions":["CultistPotion","Strength Potion","Explosive Potion"]},{"floor":19,"relics":["Boot","Molten Egg 2","DollysMirror"],"cards":["Blood for Blood","Clothesline","True Grit","Inflame","Dramatic Entrance","Sadistic Nature"],"potions":["LiquidBronze","Explosive Potion","AttackPotion"]},{"floor":31,"relics":["StrikeDummy","Strange Spoon"],"cards":["Headbutt","Twin Strike","Havoc","Inflame","Finesse","Master of Strategy"],"potions":["BloodPotion","PowerPotion","ColorlessPotion"]},{"floor":39,"relics":["Whetstone","White Beast Statue","HandDrill"],"cards":["Headbutt","Searing Blow","Armaments","True Grit","Metallicize","Impatience","Secret Technique"],"potions":["ElixirPotion","HeartOfIron","SkillPotion"]},{"floor":48,"relics":["Mummified Hand","Unceasing Top"],"cards":["Cleave","Whirlwind","True Grit","Shrug It Off","Combust","Finesse","Thinking Ahead"],"potions":["Swift Potion","EntropicBrew","Fire Potion"]}],"circlet_count":0,"master_deck":["AscendersBane","Strike_R","Defend_R","Defend_R","Defend_R","Defend_R","Bash","Metallicize","Fire Breathing","Armaments","Dramatic Entrance","CutThroughFate","Immolate+1","Pommel Strike","Hologram+1","Feel No Pain","Expertise","Jack Of All Trades","Echo Form","Tantrum+1","Shrug It Off","Turbo","Prepared","Second Wind","Secret Technique","Cloak And Dagger+1","Acrobatics"],"special_seed":0,"potion_use_per_floor":[[],[],[],[],[],[],[],[],[],[],[],[],["BlessingOfTheForge","Swift Potion"],[],[],[],[],["SneckoOil"],[],[],[],["Explosive Potion"],[],["SteroidPotion"],[],[],[],[],["SkillPotion"],["SkillPotion"],[],[],[],[],[],[],[],[],[],[],[],[],[],[],[],[],[],[],[],[],["Explosive Potion"]],"relics":["Burning Blood","PrismaticShard","CeramicFish","CaptainsWheel","Bag of Marbles","Fusion Hammer","Nilry\u0027s Codex","Singing Bowl","Gambling Chip","Centennial Puzzle","Sozu","Oddly Smooth Stone","Dream Catcher","Frozen Eye"],"potions_floor_usage":[51],"damage_taken":[{"damage":2.0,"enemies":"2 Louse","floor":1.0,"turns":4.0},{"damage":4.0,"enemies":"Jaw Worm","floor":3.0,"turns":5.0},{"damage":7.0,"enemies":"Small Slimes","floor":4.0,"turns":4.0},{"damage":32.0,"enemies":"Gremlin Nob","floor":6.0,"turns":4.0},{"damage":2.0,"enemies":"3 Louse","floor":11.0,"turns":2.0},{"damage":0.0,"enemies":"Looter","floor":12.0,"turns":3.0},{"damage":15.0,"enemies":"Lagavulin","floor":13.0,"turns":5.0},{"damage":0.0,"enemies":"2 Fungi Beasts","floor":14.0,"turns":2.0},{"damage":21.0,"enemies":"Slime Boss","floor":16.0,"turns":7.0},{"damage":26.0,"enemies":"3 Byrds","floor":18.0,"turns":3.0},{"damage":13.0,"enemies":"Shell Parasite","floor":21.0,"turns":4.0},{"damage":8.0,"enemies":"Centurion and Healer","floor":22.0,"turns":5.0},{"damage":19.0,"enemies":"Book of Stabbing","floor":24.0,"turns":4.0},{"damage":10.0,"enemies":"Snecko","floor":25.0,"turns":4.0},{"damage":6.0,"enemies":"Snake Plant","floor":29.0,"turns":4.0},{"damage":16.0,"enemies":"Gremlin Leader","floor":30.0,"turns":5.0},{"damage":60.0,"enemies":"Automaton","floor":33.0,"turns":15.0},{"damage":0.0,"enemies":"Orb Walker","floor":35.0,"turns":1.0},{"damage":1.0,"enemies":"3 Shapes","floor":37.0,"turns":1.0},{"damage":45.0,"enemies":"Reptomancer","floor":40.0,"turns":5.0},{"damage":8.0,"enemies":"Sphere and 2 Shapes","floor":41.0,"turns":6.0},{"damage":20.0,"enemies":"Maw","floor":42.0,"turns":8.0},{"damage":18.0,"enemies":"Spire Growth","floor":44.0,"turns":5.0},{"damage":0.0,"enemies":"Jaw Worm Horde","floor":47.0,"turns":1.0},{"damage":24.0,"enemies":"Time Eater","floor":50.0,"turns":20.0},{"damage":38,"enemies":"Awakened One","floor":51,"turns":9}],"green_key_taken_log":13,"seed_played":"7880610882273040999","neow_bonus_log":{"cardsObtained":[],"cardsUpgraded":[],"cardsRemoved":[],"cardsTransformed":[],"relicsObtained":[],"maxHpGained":0,"goldGained":250,"damageTaken":18,"goldLost":0,"maxHpLost":0},"potions_obtained":[{"floor":3.0,"key":"GamblersBrew"},{"floor":12.0,"key":"Swift Potion"},{"floor":13.0,"key":"Explosive Potion"},{"floor":16.0,"key":"SneckoOil"},{"floor":18.0,"key":"SteroidPotion"},{"floor":25.0,"key":"SkillPotion"},{"floor":29.0,"key":"SkillPotion"},{"floor":30.0,"key":"Explosive Potion"}],"is_trial":false,"path_per_floor":["M","$","M","M","?","E","$","R","T","R","M","M","E","M","R","B",null,"M","$","?","M","M","R","E","M","T","?","R","M","E","$","R","B",null,"M","?","M","?","$","E","M","M","T","M","R","?","M","$","R","B","B"],"character_chosen":"IRONCLAD","basemod:card_modifiers":[null,null,null,null,null,null,null,null,null,null,null,null,null,null,null,null,null,null,null,null,null,null,null,null,null,null,null],"items_purchased":["Fire Breathing","PrismaticShard","BlessingOfTheForge","Armaments","Pommel Strike","Shrug It Off","Second Wind","Centennial Puzzle","Frozen Eye"],"campfire_rested":5,"item_purchase_floors":[2,2,2,2,7,19,31,31,48],"current_hp_per_floor":[54,54,56,55,48,22,22,22,22,44,48,54,45,51,51,36,65,45,45,24,17,15,37,26,24,24,24,47,47,39,39,63,9,63,69,69,76,76,76,37,37,25,25,15,42,42,50,50,50,32,0],"gold":97,"neow_bonus":"TWO_FIFTY_GOLD","is_prod":false,"is_daily":false,"rewards_skipped":[{"floor":37,"relics":[],"potions":["Explosive Potion"]},{"floor":40,"relics":[],"potions":["BloodPotion"]},{"floor":47,"relics":[],"potions":["Ancient Potion"]}],"chose_seed":false,"campfire_upgraded":2,"win_rate":0,"floor_exit_playtime":[94,125,229,299,321,373,401,407,410,416,457,503,601,633,647,772,887,983,1027,1034,1125,1256,1260,1423,1490,1493,1519,1523,1632,1883,1897,1901,2469,2529,2565,2568,2614,2654,2672,2837,3017,3251,3254,3395,3470,3474,3510,3527,3531,4321],"timestamp":1718585703,"blue_key_relic_skipped_log":{"floor":26,"relicID":"Orichalcum"},"path_taken":["M","$","M","M","?","E","?","R","T","R","M","M","E","M","R","BOSS","M","?","?","M","M","R","E","M","T","?","R","M","E","?","R","BOSS","M","?","M","?","$","E","M","M","T","?","R","?","M","$","R","BOSS","BOSS"],"build_version":"2022-12-01","purchased_purges":1,"victory":false,"max_hp_per_floor":[75,75,75,75,75,75,75,75,75,75,75,75,75,75,75,75,75,75,75,75,75,75,75,77,79,79,79,79,79,81,81,81,81,81,81,81,83,79,79,79,81,83,83,85,87,87,89,89,89,89,89],"relic_stats":{"Sozu":3,"Frozen Eye":226.95804,"Centennial Puzzle":[21],"Dream Catcher":1,"Singing Bowl":18,"counters":[26,136],"Nilry\u0027s Codex":[10,45,17,10],"CeramicFish":135,"Gambling Chip":[22],"obtain_stats":[{"Singing Bowl":24,"Nilry\u0027s Codex":20,"CeramicFish":6,"Oddly Smooth Stone":40,"PrismaticShard":2,"Burning Blood":0,"Sozu":34,"Frozen Eye":48,"CaptainsWheel":9,"Centennial Puzzle":31,"Dream Catcher":43,"Gambling Chip":30,"Fusion Hammer":17,"Bag of Marbles":13},{"Singing Bowl":13,"Nilry\u0027s Codex":10,"CeramicFish":4,"Oddly Smooth Stone":20,"PrismaticShard":1,"Burning Blood":0,"Sozu":17,"Frozen Eye":24,"CaptainsWheel":4,"Centennial Puzzle":16,"Dream Catcher":22,"Gambling Chip":16,"Fusion Hammer":9,"Bag of Marbles":7},{"Singing Bowl":52,"Nilry\u0027s Codex":39,"CeramicFish":17,"Oddly Smooth Stone":87,"PrismaticShard":4,"Burning Blood":0,"Sozu":80,"Frozen Eye":107,"CaptainsWheel":17,"Centennial Puzzle":65,"Dream Catcher":101,"Gambling Chip":65,"Fusion Hammer":36,"Bag of Marbles":27}],"Burning Blood":150},"card_choices":[{"not_picked":["Iron Wave","Disarm"],"picked":"Metallicize","floor":1.0},{"not_picked":["Second Wind","Forethought"],"picked":"Dramatic Entrance","floor":3.0},{"not_picked":["Pommel Strike","Beam Cell"],"picked":"CutThroughFate","floor":4.0},{"not_picked":["Twin Strike","CrushJoints"],"picked":"Immolate","floor":6.0},{"not_picked":["EmptyBody","Iron Wave"],"picked":"Hologram","floor":11.0},{"not_picked":["Cleave","Acrobatics"],"picked":"Feel No Pain","floor":12.0},{"not_picked":["Deflect","Infinite Blades"],"picked":"Expertise","floor":13.0},{"not_picked":["Poisoned Stab","Heavy Blade"],"picked":"Jack Of All Trades","floor":14.0},{"not_picked":["Wraith Form v2","Fission"],"picked":"Echo Form","floor":16.0},{"not_picked":["Quick Slash","Ball Lightning"],"picked":"Tantrum","floor":18.0},{"not_picked":["BowlingBash","Uppercut","Sweeping Beam+1"],"picked":"SKIP","floor":21.0},{"not_picked":["Expertise","Hologram"],"picked":"Turbo","floor":22.0},{"not_picked":["Shrug It Off","Devotion","Hello World"],"picked":"Singing Bowl","floor":24.0},{"not_picked":["Deflect+1","Tempest","Clash"],"picked":"Singing Bowl","floor":25.0},{"not_picked":["Sucker Punch","Go for the Eyes"],"picked":"Prepared","floor":29.0},{"not_picked":["Storm","Havoc+1","WheelKick"],"picked":"Singing Bowl","floor":30.0},{"not_picked":["SpiritShield","Unload"],"picked":"Secret Technique","floor":33.0},{"not_picked":["Evaluate","Reckless Charge+1"],"picked":"Cloak And Dagger+1","floor":35.0},{"not_picked":["Body Slam+1","EmptyFist","Reckless Charge"],"picked":"Singing Bowl","floor":37.0},{"not_picked":["Redo","Leap"],"picked":"Acrobatics","floor":40.0},{"not_picked":["Dodge and Roll","Sweeping Beam","Steam Power"],"picked":"Singing Bowl","floor":41.0},{"not_picked":["Study","Wish","Catalyst+1"],"picked":"Singing Bowl","floor":42.0},{"not_picked":["Bane","Quick Slash","Pommel Strike"],"picked":"Singing Bowl","floor":44.0},{"not_picked":["Doom and Gloom","Perfected Strike","SignatureMove"],"picked":"Singing Bowl","floor":45.0},{"not_picked":["Dagger Throw","Beam Cell","Storm"],"picked":"Singing Bowl","floor":47.0}],"player_experience":173622,"relics_obtained":[{"floor":6.0,"key":"CeramicFish"},{"floor":9.0,"key":"CaptainsWheel"},{"floor":13.0,"key":"Bag of Marbles"},{"floor":20.0,"key":"Nilry\u0027s Codex"},{"floor":24.0,"key":"Singing Bowl"},{"floor":30.0,"key":"Gambling Chip"},{"floor":40.0,"key":"Oddly Smooth Stone"},{"floor":43.0,"key":"Dream Catcher"}],"event_choices":[{"cards_removed":["Strike_R"],"damage_healed":0.0,"max_hp_gain":0.0,"max_hp_loss":0.0,"gold_gain":0.0,"event_name":"Golden Wing","player_choice":"Card Removal","floor":5.0,"gold_loss":0.0,"damage_taken":7.0},{"damage_healed":0.0,"max_hp_gain":0.0,"max_hp_loss":0.0,"gold_gain":0.0,"event_name":"Cursed Tome","player_choice":"Obtained Book","floor":20.0,"gold_loss":0.0,"damage_taken":21.0},{"cards_removed":["Strike_R"],"damage_healed":0.0,"max_hp_gain":0.0,"max_hp_loss":0.0,"gold_gain":0.0,"event_name":"Designer","player_choice":"Upgrade and Remove","floor":27.0,"gold_loss":110.0,"damage_taken":0.0,"cards_upgraded":["Tantrum"]},{"damage_healed":0.0,"max_hp_gain":0.0,"max_hp_loss":0.0,"gold_gain":0.0,"event_name":"Tomb of Lord Red Mask","player_choice":"Ignored","floor":36.0,"gold_loss":0.0,"damage_taken":0.0},{"damage_healed":0.0,"max_hp_gain":0.0,"max_hp_loss":4.0,"gold_gain":0.0,"event_name":"Winding Halls","player_choice":"Max HP","floor":38.0,"gold_loss":0.0,"damage_taken":0.0},{"cards_removed":["Strike_R"],"damage_healed":0.0,"max_hp_gain":0.0,"max_hp_loss":0.0,"gold_gain":0.0,"event_name":"Falling","player_choice":"Removed Attack","floor":46.0,"gold_loss":0.0,"damage_taken":0.0}],"is_beta":false,"boss_relics":[{"not_picked":["Empty Cage","SacredBark"],"picked":"Fusion Hammer"},{"not_picked":["Mark of Pain","Busted Crown"],"picked":"Sozu"}],"items_purged_floors":[19],"is_endless":false,"potions_floor_spawned":[3,12,13,16,18,25,29,30,37,40,47],"killed_by":"Awakened One","ascension_level":20,"potion_discard_per_floor":[[],[],[],[],[],[],[],[],[],[],[],["GamblersBrew"],[],[],[],[],[],[],[],[],[],[],[],[],[],[],[],[],[],[],[],[],[],[],[],[],[],[],[],[],[],[],[],[],[],[],[],[],[],[],[]]}