{"neow_bonuses_skipped_log":["ONE_RANDOM_RARE_CARD","THREE_SMALL_POTIONS","BOSS_RELIC"],"potions_obtained_entropic_brew":[[],[],[],[],[],[],[],[],[],[],[],[],[],[],[],[],[],[],[],[],[],[],[],[],[],[],[],[],[],[],[],[],[],[],[],[],[],[],[],[],[],[],[],[],[],[],[],[],[],[],[],[],[],[],["FearPotion"]],"neow_costs_skipped_log":["NONE","NONE","NONE"],"gold_per_floor":[118,118,130,24,24,51,51,85,85,85,118,134,148,163,163,240,240,195,210,210,223,148,148,166,201,225,241,241,82,82,116,116,190,190,203,203,149,1148,1158,1187,1187,1207,1230,1230,380,380,393,418,418,418,418,418,418,22,22],"floor_reached":55,"playtime":4797,"items_purged":["Defend_R","Strike_R"],"score":2041,"play_id":"983b09dc-615f-4f9b-9df4-e8785e9fe511","local_time":"20240610131039","falling_options_log":["Headbutt","Evolve"],"score_breakdown":["Floors Climbed (55): 275","Enemies Slain (14): 28","Exordium Elites Killed (3): 30","City Elites Killed (2): 40","Beyond Elites Killed (2): 60","Bosses Slain (4): 500","Money Money (1623): 25","Champion (3): 75","Ascension (20): 1008"],"is_ascension_mode":true,"potions_obtained_alchemize":[[],[],[],[],[],[],[],[],[],[],[],[],[],[],[],[],[],[],[],[],[],[],[],[],[],[],[],[],[],[],[],[],[],[],[],[],[],[],[],[],[],[],[],[],[],[],[],[],[],[],[],[],[],[],[]],"campfire_choices":[{"data":"Bash","floor":7.0,"key":"SMITH"},{"floor":10.0,"key":"REST"},{"data":"Bludgeon","floor":15.0,"key":"SMITH"},{"data":"Flame Barrier","floor":23.0,"key":"SMITH"},{"data":"True Grit","floor":30.0,"key":"SMITH"},{"data":"Sentinel","floor":32.0,"key":"SMITH"},{"floor":41.0,"key":"RECALL"},{"data":"Dual Wield","floor":44.0,"key":"SMITH"},{"data":"Disarm","floor":49.0,"key":"SMITH"},{"data":"Feel No Pain","floor":53,"key":"SMITH"}],"lesson_learned_per_floor":[[],[],[],[],[],[],[],[],[],[],[],[],[],[],[],[],[],[],[],[],[],[],[],[],[],[],[],[],[],[],[],[],[],[],[],[],[],[],[],[],[],[],[],[],[],[],[],[],[],[],[],[],[],[],[]],"neow_cost":"TEN_PERCENT_HP_LOSS","improvable_cards":{},"seed_source_timestamp":0,"shop_contents":[{"floor":4,"relics":["Meat on the Bone","Ancient Tea Set","Lee\u0027s Waffle"],"cards":["Anger","Warcry","Flex","Rupture","Mind Blast","Apotheosis"],"potions":["FairyPotion","LiquidBronze"]},{"floor":29,"relics":["Gremlin Horn","Letter Opener","Cauldron"],"cards":["Clothesline","Headbutt","Flex","Shrug It Off","Panacea","Violence"],"potions":["SkillPotion","Block Potion","Dexterity Potion"]},{"floor":37,"relics":["Shuriken","Potion Belt","Chemical X"],"cards":["Hemokinesis","Immolate","Havoc","Limit Break","Evolve","Madness","Magnetism"],"potions":["Fire Potion","FairyPotion"]},{"floor":45,"relics":["Molten Egg 2"],"cards":["Headbutt","Reckless Charge","True Grit","Metallicize"],"potions":["SkillPotion","ColorlessPotion"]},{"floor":54,"relics":["Orichalcum","Art of War"],"cards":["Perfected Strike","True Grit","Shrug It Off","Fire Breathing","Discovery","HandOfGreed"],"potions":["DistilledChaos"]}],"circlet_count":0,"master_deck":["AscendersBane","Strike_R","Strike_R","Strike_R","Defend_R","Defend_R+1","Defend_R","Bash+1","Shrug It Off","Cleave","Flame Barrier+1","Evolve","Bludgeon+1","Immolate+1","Blood for Blood+1","Headbutt","True Grit+1","Feel No Pain+1","Sentinel+1","Dark Embrace","Disarm+1","Reaper","Dual Wield+1","Flame Barrier+1","Dark Shackles","Transmutation","Reaper","Burning Pact+1","Twin Strike"],"special_seed":0,"potion_use_per_floor":[[],[],[],[],[],["AttackPotion"],[],["FairyPotion"],[],[],["ColorlessPotion"],[],[],[],[],[],[],[],["Regen Potion"],[],[],[],[],[],["AttackPotion"],[],[],[],[],[],[],[],["Strength Potion","Fire Potion"],[],[],[],[],[],[],["ColorlessPotion"],[],[],[],[],[],[],["Ancient Potion"],["Swift Potion"],[],[],[],[],[],[],["EntropicBrew","FearPotion"]],"relics":["Burning Blood","Bronze Scales","Happy Flower","Bag of Marbles","Singing Bowl","Snecko Eye","Bottled Flame","PreservedInsect","Omamori","Coffee Dripper","Ginger","TheAbacus","War Paint","Boot","OrangePellets"],"potions_floor_usage":[55,55],"damage_taken":[{"damage":2.0,"enemies":"2 Louse","floor":1.0,"turns":3.0},{"damage":14.0,"enemies":"Small Slimes","floor":3.0,"turns":4.0},{"damage":44.0,"enemies":"3 Sentries","floor":6.0,"turns":11.0},{"damage":32.0,"enemies":"Gremlin Nob","floor":8.0,"turns":4.0},{"damage":14.0,"enemies":"Lagavulin","floor":11.0,"turns":7.0},{"damage":0.0,"enemies":"Cultist","floor":12.0,"turns":3.0},{"damage":0.0,"enemies":"2 Fungi Beasts","floor":13.0,"turns":2.0},{"damage":13.0,"enemies":"Large Slime","floor":14.0,"turns":6.0},{"damage":6.0,"enemies":"The Guardian","floor":16.0,"turns":10.0},{"damage":15.0,"enemies":"2 Thieves","floor":18.0,"turns":5.0},{"damage":5.0,"enemies":"3 Byrds","floor":19.0,"turns":3.0},{"damage":0.0,"enemies":"Sentry and Sphere","floor":21.0,"turns":4.0},{"damage":4.0,"enemies":"Centurion and Healer","floor":24.0,"turns":3.0},{"damage":0.0,"enemies":"Gremlin Leader","floor":25.0,"turns":2.0},{"damage":10.0,"enemies":"Snecko","floor":27.0,"turns":4.0},{"damage":0.0,"enemies":"Slavers","floor":31.0,"turns":1.0},{"damage":75.0,"enemies":"Collector","floor":33.0,"turns":10.0},{"damage":0.0,"enemies":"Orb Walker","floor":35.0,"turns":4.0},{"damage":0.0,"enemies":"3 Darklings","floor":39.0,"turns":2.0},{"damage":0.0,"enemies":"Giant Head","floor":40.0,"turns":4.0},{"damage":3.0,"enemies":"Sphere and 2 Shapes","floor":42.0,"turns":3.0},{"damage":31.0,"enemies":"Spire Growth","floor":47.0,"turns":6.0},{"damage":57.0,"enemies":"Nemesis","floor":48.0,"turns":9.0},{"damage":28.0,"enemies":"Time Eater","floor":50.0,"turns":12.0},{"damage":21,"enemies":"Donu and Deca","floor":51,"turns":12},{"damage":99,"enemies":"Shield and Spear","floor":55,"turns":3}],"green_key_taken_log":48,"seed_played":"7364316746330115990","neow_bonus_log":{"cardsObtained":[],"cardsUpgraded":[],"cardsRemoved":[],"cardsTransformed":[],"relicsObtained":[],"maxHpGained":0,"goldGained":0,"damageTaken":0,"goldLost":0,"maxHpLost":7},"potions_obtained":[{"floor":1.0,"key":"FairyPotion"},{"floor":8.0,"key":"ColorlessPotion"},{"floor":13.0,"key":"AttackPotion"},{"floor":16.0,"key":"Regen Potion"},{"floor":19.0,"key":"Regen Potion"},{"floor":21.0,"key":"PowerPotion"},{"floor":24.0,"key":"Fire Potion"},{"floor":25.0,"key":"Strength Potion"},{"floor":39.0,"key":"Ancient Potion"}],"is_trial":false,"path_per_floor":["M","?","M","$","?","E","R","E","T","R","E","M","M","M","R","B",null,"M","M","?","M","?","R","M","E","T","M","?","$","R","E","R","B",null,"M","?","$","?","M","E","R","M","T","R","$","?","M","E","R","B","B",null,"R","$","E"],"character_chosen":"IRONCLAD","basemod:card_modifiers":[null,null,null,null,null,null,null,null,null,null,null,null,null,null,null,null,null,null,null,null,null,null,null,null,null,null,null,null,null],"items_purchased":["AttackPotion","Cleave","Dark Embrace","ColorlessPotion","Flame Barrier","Dark Shackles","TheAbacus","Swift Potion","Transmutation","War Paint","OrangePellets","SteroidPotion","EntropicBrew","Twin Strike"],"campfire_rested":1,"item_purchase_floors":[4,4,29,37,45,45,45,45,45,45,54,54,54,54],"current_hp_per_floor":[68,73,65,65,58,20,20,27,27,48,42,50,56,51,51,51,72,65,78,78,81,81,81,83,83,83,79,79,79,79,83,83,14,66,80,80,80,80,87,89,89,89,89,89,89,89,68,48,48,55,86,88,88,88,0],"gold":22,"neow_bonus":"RANDOM_COLORLESS_2","is_prod":false,"is_daily":false,"rewards_skipped":[],"chose_seed":false,"campfire_upgraded":8,"win_rate":0,"floor_exit_playtime":[171,178,274,298,321,540,550,588,591,600,709,752,815,901,906,1104,1183,1327,1407,1427,1496,1503,1519,1614,1715,1718,1780,1799,1839,1851,1866,1884,2233,2303,2405,2408,2454,2475,2523,2667,2677,2729,2732,2748,2821,2857,3022,3254,3268,3620,4602,4615,4632,4679],"timestamp":1718050239,"blue_key_relic_skipped_log":{"floor":43,"relicID":"CeramicFish"},"path_taken":["M","?","M","$","?","E","R","E","T","R","E","M","M","M","R","BOSS","M","M","?","M","?","R","M","E","T","M","?","$","R","E","R","BOSS","M","?","?","?","M","E","R","M","T","R","$","?","M","E","R","BOSS","BOSS","R","$","E"],"build_version":"2022-12-01","purchased_purges":2,"victory":false,"max_hp_per_floor":[68,73,73,73,73,73,73,73,73,73,75,77,77,79,79,79,79,81,81,81,81,81,81,83,83,83,83,83,83,83,83,83,83,83,85,85,85,85,87,89,89,89,89,89,89,89,89,89,89,89,89,89,89,89,89],"relic_stats":{"Happy Flower":[39],"Singing Bowl":16,"counters":[26,137],"PreservedInsect":297,"Omamori":2,"Ginger":[1],"War Paint":["Defend_R","Flame Barrier"],"Boot":[15],"Burning Blood":123,"OrangePellets":[0],"Bottled Flame":"Immolate","TheAbacus":[102],"Bronze Scales":[323],"Snecko Eye":[174,169,171,178,-139],"obtain_stats":[{"Happy Flower":6,"Singing Bowl":9,"PreservedInsect":26,"Omamori":31,"Ginger":40,"War Paint":45,"Boot":48,"Burning Blood":0,"OrangePellets":54,"Bottled Flame":25,"TheAbacus":45,"Bronze Scales":11,"Snecko Eye":17,"Bag of Marbles":8,"Coffee Dripper":34},{"Happy Flower":3,"Singing Bowl":4,"PreservedInsect":14,"Omamori":16,"Ginger":20,"War Paint":21,"Boot":23,"Burning Blood":0,"OrangePellets":25,"Bottled Flame":14,"TheAbacus":21,"Bronze Scales":5,"Snecko Eye":9,"Bag of Marbles":4,"Coffee Dripper":17},{"Happy Flower":18,"Singing Bowl":22,"PreservedInsect":67,"Omamori":72,"Ginger":92,"War Paint":95,"Boot":110,"Burning Blood":0,"OrangePellets":134,"Bottled Flame":67,"TheAbacus":95,"Bronze Scales":29,"Snecko Eye":50,"Bag of Marbles":22,"Coffee Dripper":82}]},"card_choices":[{"not_picked":["Violence","Panache"],"picked":"Chrysalis","floor":0.0},{"not_picked":["Pummel","Clothesline"],"picked":"Anger","floor":1.0},{"not_picked":["Flex","Ghostly Armor"],"picked":"Shrug It Off","floor":3.0},{"not_picked":["Sword Boomerang","Body Slam"],"picked":"Flame Barrier","floor":6.0},{"not_picked":["Clash","Twin Strike"],"picked":"Evolve","floor":8.0},{"not_picked":["Heavy Blade","Wild Strike","Ghostly Armor"],"picked":"Singing Bowl","floor":11.0},{"not_picked":["Thunderclap","Sword Boomerang","Havoc"],"picked":"Singing Bowl","floor":12.0},{"not_picked":["Warcry","Havoc"],"picked":"Bludgeon","floor":13.0},{"not_picked":["Shrug It Off","Wild Strike","Cleave"],"picked":"Singing Bowl","floor":14.0},{"not_picked":["Bludgeon","Reaper"],"picked":"Immolate","floor":16.0},{"not_picked":["Shrug It Off+1","Heavy Blade","Sword Boomerang"],"picked":"Singing Bowl","floor":18.0},{"not_picked":["Shrug It Off","Flex"],"picked":"Blood for Blood+1","floor":19.0},{"not_picked":["Heavy Blade","Iron Wave+1"],"picked":"Headbutt","floor":21.0},{"not_picked":["Clothesline","Limit Break","Fire Breathing+1"],"picked":"Singing Bowl","floor":24.0},{"not_picked":["Armaments","Pommel Strike"],"picked":"True Grit","floor":25.0},{"not_picked":["Perfected Strike","Body Slam"],"picked":"Feel No Pain","floor":27.0},{"not_picked":["Headbutt","Havoc","Pommel Strike","Body Slam","Power Through","Reckless Charge","Uppercut","Armaments","Heavy Blade","Evolve","Battle Trance","Clash","Searing Blow","Sever Soul","Flex","Twin Strike","Intimidate","Wild Strike","True Grit"],"picked":"Sentinel","floor":28.0},{"not_picked":["Warcry","Clothesline"],"picked":"Disarm","floor":31.0},{"not_picked":["Offering","Limit Break"],"picked":"Reaper","floor":33.0},{"not_picked":["Whirlwind","Searing Blow","Armaments+1"],"picked":"Singing Bowl","floor":35.0},{"not_picked":["Inflame","Perfected Strike","Sword Boomerang"],"picked":"Singing Bowl","floor":39.0},{"not_picked":["Dropkick","Iron Wave","Perfected Strike"],"picked":"Singing Bowl","floor":40.0},{"not_picked":["Fire Breathing","Sword Boomerang"],"picked":"Dual Wield","floor":42.0},{"not_picked":["Warcry","Anger+1"],"picked":"Reaper","floor":47.0},{"not_picked":["Berserk","Iron Wave+1"],"picked":"Burning Pact+1","floor":48.0}],"player_experience":157139,"relics_obtained":[{"floor":6.0,"key":"Happy Flower"},{"floor":8.0,"key":"Bag of Marbles"},{"floor":9.0,"key":"Singing Bowl"},{"floor":11.0,"key":"Bronze Scales"},{"floor":25.0,"key":"Bottled Flame"},{"floor":26.0,"key":"PreservedInsect"},{"floor":31.0,"key":"Omamori"},{"floor":40.0,"key":"Ginger"},{"floor":48.0,"key":"Boot"}],"event_choices":[{"damage_healed":0.0,"max_hp_gain":5.0,"max_hp_loss":0.0,"gold_gain":0.0,"event_name":"Big Fish","player_choice":"Donut","floor":2.0,"gold_loss":0.0,"damage_taken":0.0},{"cards_removed":["Strike_R"],"damage_healed":0.0,"max_hp_gain":0.0,"max_hp_loss":0.0,"gold_gain":0.0,"event_name":"Golden Wing","player_choice":"Card Removal","floor":5.0,"gold_loss":0.0,"damage_taken":7.0},{"damage_healed":0.0,"max_hp_gain":0.0,"max_hp_loss":0.0,"gold_gain":0.0,"event_name":"Accursed Blacksmith","player_choice":"Forge","floor":20.0,"gold_loss":0.0,"damage_taken":0.0,"cards_upgraded":["Immolate"]},{"cards_removed":["Anger"],"damage_healed":0.0,"max_hp_gain":0.0,"max_hp_loss":0.0,"gold_gain":0.0,"event_name":"Beggar","player_choice":"Gave Gold","floor":22.0,"gold_loss":75.0,"damage_taken":0.0},{"damage_healed":0.0,"max_hp_gain":0.0,"max_hp_loss":0.0,"gold_gain":0.0,"event_name":"The Library","player_choice":"Read","floor":28.0,"gold_loss":0.0,"damage_taken":0.0,"cards_obtained":["Sentinel"]},{"damage_healed":0.0,"max_hp_gain":0.0,"max_hp_loss":0.0,"gold_gain":0.0,"event_name":"Tomb of Lord Red Mask","player_choice":"Ignored","floor":36.0,"gold_loss":0.0,"damage_taken":0.0},{"damage_healed":0.0,"max_hp_gain":0.0,"max_hp_loss":0.0,"gold_gain":999.0,"event_name":"MindBloom","player_choice":"Gold","floor":38.0,"gold_loss":0.0,"damage_taken":0.0,"cards_obtained":["Normality","Normality"]},{"cards_removed":["Chrysalis"],"damage_healed":0.0,"max_hp_gain":0.0,"max_hp_loss":0.0,"gold_gain":0.0,"event_name":"Falling","player_choice":"Removed Skill","floor":46.0,"gold_loss":0.0,"damage_taken":0.0}],"is_beta":false,"boss_relics":[{"not_picked":["Cursed Key","Runic Cube"],"picked":"Snecko Eye"},{"not_picked":["Pandora\u0027s Box","Fusion Hammer"],"picked":"Coffee Dripper"}],"items_purged_floors":[29,45],"is_endless":false,"potions_floor_spawned":[1,8,13,16,19,21,24,25,39],"killed_by":"Shield and Spear","ascension_level":20,"potion_discard_per_floor":[[],[],[],[],[],[],[],[],[],[],[],[],[],[],[],[],[],[],[],[],["Regen Potion"],[],[],["PowerPotion"],[],[],[],[],[],[],[],[],[],[],[],[],[],[],[],[],[],[],[],[],[],[],[],[],[],[],[],[],[],[],[]]}