{"neow_bonuses_skipped_log":["TRANSFORM_CARD","THREE_SMALL_POTIONS","BOSS_RELIC"],"potions_obtained_entropic_brew":[[],[],[],[],[],[],[],[],[],[],[],[],[],[],[],[]],"neow_costs_skipped_log":["NONE","NONE","NONE"],"gold_per_floor":[111,125,137,107,121,121,139,169,181,193,224,24,51,51,51,51],"floor_reached":16,"playtime":654,"items_purged":["Defend_R"],"score":249,"play_id":"5da8ffbe-5602-4dc2-a418-c5e3172c822b","local_time":"20240616210617","score_breakdown":["Floors Climbed (16): 80","Enemies Slain (6): 12","Exordium Elites Killed (2): 20","Bosses Slain (0): 0","Well Fed: 25","Ascension (20): 112"],"is_ascension_mode":true,"potions_obtained_alchemize":[[],[],[],[],[],[],[],[],[],[],[],[],[],[],[],[]],"campfire_choices":[{"data":"Hemokinesis","floor":6,"key":"SMITH"},{"data":"Double Tap","floor":10,"key":"SMITH"},{"floor":15,"key":"REST"}],"lesson_learned_per_floor":[[],[],[],[],[],[],[],[],[],[],[],[],[],[],[],[]],"neow_cost":"PERCENT_DAMAGE","improvable_cards":{},"seed_source_timestamp":29718746033417,"shop_contents":[{"floor":12,"relics":["Lantern","Dream Catcher","DollysMirror"],"cards":["Anger","Warcry","Rupture","Mind Blast","Sadistic Nature"],"potions":["SmokeBomb","GamblersBrew","Swift Potion"]},{"floor":14,"relics":["PreservedInsect","WingedGreaves","Chemical X"],"cards":["Hemokinesis","Body Slam","Exhume","Flame Barrier","Inflame","Dramatic Entrance","Secret Weapon"],"potions":["BlessingOfTheForge","Regen Potion","Strength Potion"]}],"circlet_count":0,"master_deck":["AscendersBane","Strike_R","Strike_R","Strike_R","Strike_R","Strike_R","Defend_R","Defend_R","Defend_R","Bash","Feed","Hemokinesis+1","Iron Wave","Anger","Second Wind","Double Tap+1","Exhume","Disarm","Flame Barrier","Pommel Strike","Power Through"],"potion_use_per_floor":[[],[],[],[],[],[],[],["CultistPotion"],[],[],[],[],["PowerPotion"],[],[],[]],"relics":["Burning Blood","MawBank","Question Card","Nunchaku"],"potions_floor_usage":[8,13],"damage_taken":[{"damage":9,"enemies":"2 Louse","floor":1,"turns":3},{"damage":7,"enemies":"Small Slimes","floor":2,"turns":2},{"damage":9,"enemies":"Jaw Worm","floor":3,"turns":3},{"damage":7,"enemies":"Looter","floor":5,"turns":4},{"damage":16,"enemies":"Gremlin Gang","floor":7,"turns":9},{"damage":20,"enemies":"Lagavulin","floor":8,"turns":6},{"damage":16,"enemies":"Blue Slaver","floor":11,"turns":7},{"damage":15,"enemies":"Gremlin Nob","floor":13,"turns":3},{"damage":54,"enemies":"Slime Boss","floor":16,"turns":6}],"seed_played":"7946414775254728098","neow_bonus_log":{"cardsObtained":[],"cardsUpgraded":[],"cardsRemoved":[],"cardsTransformed":[],"relicsObtained":[],"maxHpGained":0,"goldGained":0,"damageTaken":18,"goldLost":0,"maxHpLost":0},"potions_obtained":[{"floor":1,"key":"Weak Potion"},{"floor":2,"key":"CultistPotion"},{"floor":4,"key":"PowerPotion"}],"is_trial":false,"path_per_floor":["M","M","M","?","M","R","M","E","T","R","M","$","E","$","R","B"],"character_chosen":"IRONCLAD","basemod:card_modifiers":[null,null,null,null,null,null,null,null,null,null,null,null,null,null,null,null,null,null,null,null,null],"items_purchased":["Flame Barrier","Pommel Strike"],"campfire_rested":1,"item_purchase_floors":[12,12],"current_hp_per_floor":[50,52,52,52,54,54,47,36,36,36,29,29,23,23,52,0],"gold":51,"neow_bonus":"THREE_RARE_CARDS","is_prod":false,"is_daily":false,"rewards_skipped":[{"floor":4,"relics":[],"potions":["Weak Potion"]},{"floor":5,"relics":[],"potions":["ColorlessPotion"]},{"floor":7,"relics":[],"potions":["Explosive Potion"]}],"chose_seed":false,"campfire_upgraded":2,"win_rate":0,"floor_exit_playtime":[69,98,122,137,166,175,278,356,359,425,505,533,577,584,587],"timestamp":1718586377,"path_taken":["M","M","M","?","M","R","M","E","T","R","M","$","E","$","R","BOSS"],"build_version":"2022-12-01","purchased_purges":1,"victory":false,"max_hp_per_floor":[78,81,84,84,87,87,90,93,93,93,96,96,99,99,99,99],"relic_stats":{"Nunchaku":[1],"counters":[9,43],"MawBank":48,"Question Card":2,"obtain_stats":[{"Nunchaku":13,"MawBank":8,"Question Card":9,"Burning Blood":0},{"Nunchaku":8,"MawBank":6,"Question Card":6,"Burning Blood":0},{"Nunchaku":37,"MawBank":27,"Question Card":27,"Burning Blood":0}],"Burning Blood":48},"card_choices":[{"not_picked":["Exhume","Reaper"],"picked":"Feed","floor":0},{"not_picked":["Body Slam","Clothesline"],"picked":"Hemokinesis","floor":1},{"not_picked":["Intimidate","Clash"],"picked":"Iron Wave","floor":2},{"not_picked":["Shrug It Off","Clash"],"picked":"Anger","floor":3},{"not_picked":["Body Slam","Rage"],"picked":"Second Wind","floor":5},{"not_picked":["Havoc","Armaments"],"picked":"Double Tap","floor":7},{"not_picked":["Fire Breathing","Sword Boomerang"],"picked":"Exhume","floor":8},{"not_picked":["Dropkick","Carnage","Havoc"],"picked":"Disarm","floor":11},{"not_picked":["Sword Boomerang","Perfected Strike","Warcry"],"picked":"Power Through","floor":13}],"player_experience":178780,"relics_obtained":[{"floor":8,"key":"MawBank"},{"floor":9,"key":"Question Card"},{"floor":13,"key":"Nunchaku"}],"event_choices":[{"damage_healed":0,"gold_gain":0,"player_choice":"Bought 2 Potions","damage_taken":0,"max_hp_gain":0,"max_hp_loss":0,"event_name":"The Woman in Blue","floor":4,"gold_loss":0}],"is_beta":false,"boss_relics":[],"items_purged_floors":[12],"is_endless":false,"potions_floor_spawned":[1,2,5,7],"killed_by":"Slime Boss","ascension_level":20,"potion_discard_per_floor":[[],[],[],["Weak Potion"],[],[],[],[],[],[],[],[],[],[],[],[]]}