{"neow_bonuses_skipped_log":["UPGRADE_CARD","TEN_PERCENT_HP_BONUS","BOSS_RELIC"],"neow_costs_skipped_log":["NONE","NONE","NONE"],"potions_obtained_entropic_brew":[[],[],[],[],[],[],[],[],[],[],[],[],[],[],[],[],[],[],[],[],[],[],[],[],[],[],[],[],[],[],[],[],[],[],[],[],[],[],[],[],[],[],[],[],[],[],[],[],[],[],[],[],[],[],[]],"gold_per_floor":[362,2,17,33,33,59,59,92,92,134,161,173,214,246,258,347,359,382,574,129,139,156,156,171,200,250,250,265,180,180,200,200,278,278,291,302,69,15,15,48,58,58,58,73,107,107,107,136,136,136,136,136,136,6,6],"floor_reached":55,"playtime":5362,"items_purged":["Strike_R"],"score":2110,"play_id":"3d6c4ca1-0261-41dd-93bf-4fa08252110f","local_time":"20240611080929","score_breakdown":["Floors Climbed (55): 275","Enemies Slain (15): 30","Exordium Elites Killed (4): 40","City Elites Killed (1): 20","Beyond Elites Killed (3): 90","Bosses Slain (4): 500","Money Money (1226): 25","Librarian: 25","Champion (3): 75","Ascension (20): 1030"],"is_ascension_mode":true,"potions_obtained_alchemize":[[],[],[],[],[],[],[],[],[],[],[],[],[],[],[],[],[],[],[],[],[],[],[],[],[],[],[],[],[],[],[],[],[],[],[],[],[],[],[],[],[],[],[],[],[],[],[],[],[],[],[],[],[],[],[]],"campfire_choices":[{"data":"Blood for Blood","floor":7.0,"key":"SMITH"},{"data":"Whirlwind","floor":12.0,"key":"SMITH"},{"data":"Uppercut","floor":15.0,"key":"SMITH"},{"data":"Pommel Strike","floor":23.0,"key":"SMITH"},{"data":"Bloodletting","floor":27.0,"key":"SMITH"},{"data":"Dark Shackles","floor":30.0,"key":"SMITH"},{"data":"Fiend Fire","floor":32.0,"key":"SMITH"},{"data":"Dark Embrace","floor":42.0,"key":"SMITH"},{"floor":47.0,"key":"RECALL"},{"floor":49.0,"key":"REST"},{"data":"Madness","floor":53.0,"key":"SMITH"}],"lesson_learned_per_floor":[[],[],[],[],[],[],[],[],[],[],[],[],[],[],[],[],[],[],[],[],[],[],[],[],[],[],[],[],[],[],[],[],[],[],[],[],[],[],[],[],[],[],[],[],[],[],[],[],[],[],[],[],[],[],[]],"neow_cost":"CURSE","improvable_cards":{},"seed_source_timestamp":0,"shop_contents":[{"floor":2,"relics":["Art of War","Bronze Scales"],"cards":["Clothesline","True Grit","Panache"],"potions":["HeartOfIron","Weak Potion"]},{"floor":20,"relics":[],"cards":["Twin Strike","Body Slam","Warcry","Metallicize","Trip","Magnetism"],"potions":["Strength Potion"]},{"floor":37,"relics":["MealTicket","Mercury Hourglass"],"cards":["Perfected Strike","Pummel","Sentinel","HandOfGreed"],"potions":["LiquidBronze","LiquidMemories"]},{"floor":38,"relics":["StrikeDummy","Whetstone","Sling"],"cards":["Twin Strike","Iron Wave","Infernal Blade","Exhume","Combust","Chrysalis"],"potions":["Fire Potion","Strength Potion","ElixirPotion"]},{"floor":54,"relics":["Akabeko","Gremlin Horn","DollysMirror"],"cards":["Sever Soul","Infernal Blade","Battle Trance","Rupture","Thinking Ahead"],"potions":["ColorlessPotion","BlessingOfTheForge"]}],"circlet_count":0,"master_deck":["AscendersBane","Strike_R","Strike_R","Strike_R","Strike_R","Defend_R","Defend_R","Defend_R","Defend_R","Bash","Clumsy","Uppercut+1","Disarm","Metallicize","Blood for Blood+1","Dark Shackles+1","Whirlwind+1","Anger","Bludgeon","Fire Breathing","Pommel Strike+1","Bloodletting+1","Exhume","Headbutt+1","Shrug It Off","Second Wind+1","Battle Trance","Fiend Fire+1","Twin Strike+1","Corruption","Warcry+1","Flame Barrier+1","Dark Embrace+1","Disarm","Purity","Purity","Perfected Strike","Berserk","Flex+1","Pommel Strike","Madness+1","Madness","Sentinel+1","Reckless Charge","Mind Blast"],"special_seed":0,"potion_use_per_floor":[[],[],[],[],[],["CultistPotion","SteroidPotion"],[],[],[],[],[],[],["DuplicationPotion"],[],[],[],[],[],[],[],[],[],[],[],["SteroidPotion","Ancient Potion"],[],[],[],[],[],[],[],[],[],[],[],[],[],[],["FearPotion"],[],[],[],[],["Explosive Potion","Explosive Potion"],[],[],[],[],[],["Swift Potion"],[],[],[],["Fruit Juice"]],"relics":["Burning Blood","Membership Card","CaptainsWheel","Self Forming Clay","Vajra","MawBank","Orichalcum","Runic Pyramid","Gambling Chip","TheAbacus","Potion Belt","Pocketwatch","Ancient Tea Set","SacredBark","ClockworkSouvenir","Ginger","Anchor","Smiling Mask","Magic Flower"],"potions_floor_usage":[55],"damage_taken":[{"damage":9.0,"enemies":"2 Louse","floor":1.0,"turns":4.0},{"damage":0.0,"enemies":"Small Slimes","floor":3.0,"turns":3.0},{"damage":0.0,"enemies":"Jaw Worm","floor":4.0,"turns":5.0},{"damage":5.0,"enemies":"3 Sentries","floor":6.0,"turns":3.0},{"damage":5.0,"enemies":"Gremlin Nob","floor":8.0,"turns":4.0},{"damage":18.0,"enemies":"Lagavulin","floor":10.0,"turns":5.0},{"damage":4.0,"enemies":"Blue Slaver","floor":11.0,"turns":4.0},{"damage":7.0,"enemies":"3 Sentries","floor":13.0,"turns":3.0},{"damage":0.0,"enemies":"Gremlin Gang","floor":14.0,"turns":1.0},{"damage":18.0,"enemies":"Slime Boss","floor":16.0,"turns":7.0},{"damage":5.0,"enemies":"Spheric Guardian","floor":18.0,"turns":4.0},{"damage":4.0,"enemies":"Chosen","floor":21.0,"turns":4.0},{"damage":6.0,"enemies":"Sentry and Sphere","floor":22.0,"turns":4.0},{"damage":6.0,"enemies":"Centurion and Healer","floor":24.0,"turns":6.0},{"damage":9.0,"enemies":"Book of Stabbing","floor":25.0,"turns":4.0},{"damage":16.0,"enemies":"Shelled Parasite and Fungi","floor":28.0,"turns":5.0},{"damage":3.0,"enemies":"Cultist and Chosen","floor":31.0,"turns":3.0},{"damage":34.0,"enemies":"Champ","floor":33.0,"turns":14.0},{"damage":18.0,"enemies":"3 Shapes","floor":35.0,"turns":8.0},{"damage":7.0,"enemies":"Orb Walker","floor":36.0,"turns":3.0},{"damage":6.0,"enemies":"Giant Head","floor":40.0,"turns":6.0},{"damage":6.0,"enemies":"4 Shapes","floor":41.0,"turns":6.0},{"damage":3.0,"enemies":"3 Darklings","floor":44.0,"turns":3.0},{"damage":3.0,"enemies":"Reptomancer","floor":45.0,"turns":3.0},{"damage":3.0,"enemies":"Giant Head","floor":48.0,"turns":4.0},{"damage":40.0,"enemies":"Time Eater","floor":50.0,"turns":6.0},{"damage":28.0,"enemies":"Awakened One","floor":51.0,"turns":11.0},{"damage":90,"enemies":"Shield and Spear","floor":55,"turns":5}],"green_key_taken_log":13,"seed_played":"-105769276875216660","neow_bonus_log":{"cardsObtained":["Clumsy"],"cardsUpgraded":[],"cardsRemoved":[],"cardsTransformed":[],"relicsObtained":[],"maxHpGained":0,"goldGained":250,"damageTaken":0,"goldLost":0,"maxHpLost":0},"potions_obtained":[{"floor":1.0,"key":"CultistPotion"},{"floor":11.0,"key":"DuplicationPotion"},{"floor":13.0,"key":"ElixirPotion"},{"floor":16.0,"key":"Ancient Potion"},{"floor":25.0,"key":"Swift Potion"},{"floor":28.0,"key":"FearPotion"},{"floor":33.0,"key":"SmokeBomb"},{"floor":40.0,"key":"Explosive Potion"},{"floor":41.0,"key":"Explosive Potion"},{"floor":45.0,"key":"Weak Potion"}],"is_trial":false,"path_per_floor":["M","$","M","M","T","E","R","E","T","E","M","R","E","M","R","B",null,"M","?","$","M","M","R","M","E","T","R","M","?","R","M","R","B",null,"M","M","$","$","?","E","M","R","T","M","E","?","R","E","R","B","B",null,"R","$","E"],"character_chosen":"IRONCLAD","basemod:card_modifiers":[null,null,null,null,null,null,null,null,null,null,null,null,null,null,null,null,null,null,null,null,null,null,null,null,null,null,null,null,null,null,null,null,null,null,null,null,null,null,null,null,null,null,null,null,null],"items_purchased":["Membership Card","Disarm","SteroidPotion","Metallicize","Blood for Blood","Dark Shackles","Gambling Chip","Shrug It Off","SteroidPotion","TheAbacus","Potion Belt","Swift Potion","Dark Embrace","Disarm","ClockworkSouvenir","Ancient Potion","Purity","Purity","Fruit Juice","Reckless Charge","Mind Blast"],"campfire_rested":1,"item_purchase_floors":[2,2,2,2,2,2,20,20,20,20,20,20,37,37,37,37,37,38,54,54,54],"current_hp_per_floor":[65,65,71,75,75,75,75,75,75,63,65,65,64,70,70,58,71,72,53,53,55,55,55,55,52,52,52,42,42,42,45,45,17,61,49,48,48,48,48,48,48,48,48,51,54,40,40,43,65,34,15,60,60,60,0],"gold":6,"neow_bonus":"TWO_FIFTY_GOLD","is_prod":false,"is_daily":false,"rewards_skipped":[{"floor":10,"relics":["Bottled Tornado"],"potions":[]}],"chose_seed":false,"campfire_upgraded":9,"win_rate":0,"floor_exit_playtime":[83,167,246,293,297,426,445,515,522,570,614,626,689,709,719,837,870,984,1022,1072,1156,1320,1357,1463,1542,1549,1574,1698,1708,1745,1850,1925,2324,2573,2855,2956,3040,3070,3096,3370,3575,3588,3592,3702,3846,3923,3928,4170,4185,4427,5004,5016,5038,5083],"timestamp":1718118569,"blue_key_relic_skipped_log":{"floor":26,"relicID":"Tiny Chest"},"path_taken":["M","$","M","M","?","E","R","E","T","E","M","R","E","M","R","BOSS","M","?","$","M","?","R","M","E","T","R","M","?","R","M","R","BOSS","M","M","?","$","?","E","M","R","T","M","E","?","R","E","R","BOSS","BOSS","R","$","E"],"build_version":"2022-12-01","purchased_purges":1,"victory":false,"max_hp_per_floor":[75,75,75,75,75,75,75,75,75,75,75,75,75,75,75,75,75,75,75,75,75,75,75,75,75,75,75,75,75,75,75,75,75,75,75,75,75,75,75,75,75,75,75,75,75,75,75,75,75,75,75,75,75,75,85],"relic_stats":{"counters":[28,138],"Self Forming Clay":[162],"Magic Flower":[11],"Ginger":[3],"Orichalcum":[144],"MawBank":132,"Ancient Tea Set":[12],"Smiling Mask":0,"Burning Blood":164,"TheAbacus":[90],"Gambling Chip":[43],"Membership Card":1050,"obtain_stats":[{"Potion Belt":20,"Self Forming Clay":6,"SacredBark":34,"Vajra":8,"Magic Flower":48,"Ginger":40,"Orichalcum":13,"MawBank":9,"Ancient Tea Set":29,"Smiling Mask":45,"Burning Blood":0,"ClockworkSouvenir":37,"CaptainsWheel":5,"Anchor":43,"TheAbacus":20,"Gambling Chip":20,"Membership Card":2,"Runic Pyramid":17,"Pocketwatch":25},{"Potion Belt":11,"Self Forming Clay":4,"SacredBark":18,"Vajra":5,"Magic Flower":25,"Ginger":21,"Orichalcum":8,"MawBank":5,"Ancient Tea Set":16,"Smiling Mask":24,"Burning Blood":0,"ClockworkSouvenir":20,"CaptainsWheel":3,"Anchor":22,"TheAbacus":11,"Gambling Chip":11,"Membership Card":1,"Runic Pyramid":10,"Pocketwatch":15},{"Potion Belt":43,"Self Forming Clay":15,"SacredBark":83,"Vajra":19,"Magic Flower":116,"Ginger":100,"Orichalcum":31,"MawBank":19,"Ancient Tea Set":66,"Smiling Mask":112,"Burning Blood":0,"ClockworkSouvenir":94,"CaptainsWheel":12,"Anchor":106,"TheAbacus":43,"Gambling Chip":43,"Membership Card":4,"Runic Pyramid":39,"Pocketwatch":61}],"Pocketwatch":[13]},"card_choices":[{"not_picked":["Heavy Blade","Armaments"],"picked":"Uppercut","floor":1.0},{"not_picked":["Havoc","True Grit"],"picked":"Whirlwind","floor":3.0},{"not_picked":["Twin Strike","Armaments"],"picked":"Anger","floor":4.0},{"not_picked":["Clothesline","Sentinel","Clash"],"picked":"SKIP","floor":6.0},{"not_picked":["Shrug It Off","Sword Boomerang"],"picked":"Bludgeon","floor":8.0},{"not_picked":["Heavy Blade","Havoc"],"picked":"Fire Breathing","floor":10.0},{"not_picked":["Thunderclap","Reckless Charge"],"picked":"Pommel Strike","floor":11.0},{"not_picked":["Metallicize","Seeing Red","Armaments"],"picked":"SKIP","floor":13.0},{"not_picked":["Clash","Heavy Blade"],"picked":"Bloodletting","floor":14.0},{"not_picked":["Double Tap","Bludgeon"],"picked":"Exhume","floor":16.0},{"not_picked":["Anger","Intimidate"],"picked":"Headbutt+1","floor":18.0},{"not_picked":["Headbutt","Wild Strike","Inflame"],"picked":"SKIP","floor":21.0},{"not_picked":["Metallicize","Dual Wield"],"picked":"Second Wind+1","floor":22.0},{"not_picked":["Fire Breathing","Wild Strike","Twin Strike"],"picked":"SKIP","floor":24.0},{"not_picked":["Armaments","Clothesline+1"],"picked":"Battle Trance","floor":25.0},{"not_picked":["Flame Barrier","Ghostly Armor"],"picked":"Fiend Fire","floor":28.0},{"not_picked":["Havoc","Heavy Blade"],"picked":"Twin Strike+1","floor":31.0},{"not_picked":["Limit Break","Offering"],"picked":"Corruption","floor":33.0},{"not_picked":["Second Wind","Pummel"],"picked":"Warcry+1","floor":35.0},{"not_picked":["Clash+1","Combust"],"picked":"Flame Barrier+1","floor":36.0},{"not_picked":["Entrench","Rampage"],"picked":"Flex+1","floor":40.0},{"not_picked":["Shrug It Off","Warcry"],"picked":"Pommel Strike","floor":41.0},{"not_picked":["Rampage","Reckless Charge+1","Sever Soul"],"picked":"SKIP","floor":44.0},{"not_picked":["Intimidate","Brutality","Headbutt+1"],"picked":"SKIP","floor":45.0},{"not_picked":["Flex","Reckless Charge"],"picked":"Sentinel+1","floor":48.0}],"player_experience":161936,"relics_obtained":[{"floor":5.0,"key":"CaptainsWheel"},{"floor":6.0,"key":"Self Forming Clay"},{"floor":8.0,"key":"Vajra"},{"floor":9.0,"key":"MawBank"},{"floor":13.0,"key":"Orichalcum"},{"floor":25.0,"key":"Pocketwatch"},{"floor":40.0,"key":"Ginger"},{"floor":43.0,"key":"Anchor"},{"floor":45.0,"key":"Smiling Mask"},{"floor":48.0,"key":"Magic Flower"}],"event_choices":[{"damage_healed":0.0,"max_hp_gain":0.0,"max_hp_loss":0.0,"gold_gain":180.0,"event_name":"Knowing Skull","player_choice":"GOLD GOLD ","floor":19.0,"potions_obtained":[],"gold_loss":0.0,"damage_taken":19.0,"cards_obtained":[]},{"damage_healed":0.0,"max_hp_gain":0.0,"max_hp_loss":0.0,"gold_gain":0.0,"event_name":"Addict","player_choice":"Obtained Relic","floor":29.0,"gold_loss":85.0,"damage_taken":0.0,"relics_obtained":["Ancient Tea Set"]},{"damage_healed":0.0,"max_hp_gain":0.0,"max_hp_loss":0.0,"gold_gain":0.0,"event_name":"Match and Keep!","player_choice":"2 cards matched","floor":39.0,"gold_loss":0.0,"damage_taken":0.0,"cards_obtained":["Perfected Strike","Berserk"]},{"damage_healed":0.0,"max_hp_gain":0.0,"max_hp_loss":0.0,"gold_gain":0.0,"event_name":"Winding Halls","player_choice":"Embrace Madness","floor":46.0,"gold_loss":0.0,"damage_taken":14.0,"cards_obtained":["Madness","Madness"]}],"is_beta":false,"boss_relics":[{"not_picked":["Empty Cage","Tiny House"],"picked":"Runic Pyramid"},{"not_picked":["Runic Dome","Black Star"],"picked":"SacredBark"}],"items_purged_floors":[20],"is_endless":false,"potions_floor_spawned":[1,11,13,16,25,28,33,40,41,45],"killed_by":"Shield and Spear","ascension_level":20,"potion_discard_per_floor":[[],[],[],[],[],[],[],[],[],[],[],[],[],[],[],[],[],[],[],["ElixirPotion"],[],[],[],[],[],[],[],[],[],[],[],[],[],[],[],[],["SmokeBomb"],[],[],[],["Swift Potion"],[],[],[],[],[],[],[],[],[],[],[],[],[],[]]}