{"neow_bonuses_skipped_log":["RANDOM_COMMON_RELIC","RANDOM_COLORLESS_2","BOSS_RELIC"],"potions_obtained_entropic_brew":[[],[],[],[],[],[],[],[],[],[],[],[],[],[],[],[]],"neow_costs_skipped_log":["NONE","CURSE","NONE"],"gold_per_floor":[118,38,55,72,85,85,85,114,114,140,140,170,170,190,190,190],"floor_reached":16,"playtime":710,"items_purged":[],"score":240,"play_id":"f60dfbed-96f6-4781-9dd4-87010f5198b7","local_time":"20240611104835","score_breakdown":["Floors Climbed (16): 80","Enemies Slain (5): 10","Exordium Elites Killed (3): 30","Bosses Slain (0): 0","Ascension (20): 120"],"is_ascension_mode":true,"potions_obtained_alchemize":[[],[],[],[],[],[],[],[],[],[],[],[],[],[],[],[]],"campfire_choices":[{"data":"Immolate","floor":6,"key":"SMITH"},{"data":"Dark Embrace","floor":13,"key":"SMITH"},{"data":"True Grit","floor":15,"key":"SMITH"}],"lesson_learned_per_floor":[[],[],[],[],[],[],[],[],[],[],[],[],[],[],[],[]],"neow_cost":"NONE","improvable_cards":{},"seed_source_timestamp":62374894992375,"shop_contents":[{"floor":2,"relics":["Orichalcum","Vajra","Brimstone"],"cards":["Hemokinesis","Bludgeon","Warcry","Evolve","Finesse","Secret Technique"],"potions":["Weak Potion","BlessingOfTheForge"]}],"circlet_count":0,"master_deck":["AscendersBane","Strike_R","Strike_R","Strike_R","Strike_R","Defend_R","Defend_R","Defend_R","Defend_R","Bash","Immolate+1","Clothesline","Shrug It Off","True Grit+1","Dark Embrace+1","Hemokinesis","Bash","Pommel Strike","Pommel Strike","Cleave"],"potion_use_per_floor":[[],[],[],[],["ColorlessPotion"],[],[],[],[],["SkillPotion"],[],[],[],["Swift Potion"],[],["Fire Potion"]],"relics":["Burning Blood","Incense Burner","Paper Frog","Bottled Tornado","Bag of Marbles"],"potions_floor_usage":[5,10,14,16],"damage_taken":[{"damage":12,"enemies":"Jaw Worm","floor":1,"turns":2},{"damage":3,"enemies":"2 Louse","floor":3,"turns":2},{"damage":0,"enemies":"Cultist","floor":4,"turns":3},{"damage":7,"enemies":"Large Slime","floor":5,"turns":8},{"damage":14,"enemies":"3 Sentries","floor":8,"turns":4},{"damage":10,"enemies":"Gremlin Nob","floor":10,"turns":3},{"damage":22,"enemies":"3 Sentries","floor":12,"turns":4},{"damage":16,"enemies":"Exordium Thugs","floor":14,"turns":8},{"damage":58,"enemies":"The Guardian","floor":16,"turns":17}],"green_key_taken_log":10,"seed_played":"8741654133689811538","neow_bonus_log":{"cardsObtained":["Immolate"],"cardsUpgraded":[],"cardsRemoved":[],"cardsTransformed":["Strike_R"],"relicsObtained":[],"maxHpGained":0,"goldGained":0,"damageTaken":0,"goldLost":0,"maxHpLost":0},"potions_obtained":[{"floor":4,"key":"ColorlessPotion"},{"floor":8,"key":"SkillPotion"},{"floor":10,"key":"Swift Potion"}],"is_trial":false,"path_per_floor":["M","$","M","M","M","R","?","E","T","E","?","E","R","M","R","B"],"character_chosen":"IRONCLAD","basemod:card_modifiers":[null,null,null,null,null,null,null,null,null,null,null,null,null,null,null,null,null,null,null,null],"items_purchased":["Fire Potion","Shrug It Off"],"campfire_rested":0,"item_purchase_floors":[2,2],"current_hp_per_floor":[62,62,65,71,70,70,70,62,62,58,58,42,42,32,32,0],"gold":190,"neow_bonus":"TRANSFORM_CARD","is_prod":false,"is_daily":false,"rewards_skipped":[],"chose_seed":false,"campfire_upgraded":3,"win_rate":0,"floor_exit_playtime":[95,110,130,152,239,245,264,324,327,365,373,444,453,532,537],"timestamp":1718128115,"path_taken":["M","$","M","M","M","R","?","E","T","E","?","E","R","M","R","BOSS"],"build_version":"2022-12-01","purchased_purges":0,"victory":false,"max_hp_per_floor":[75,75,75,75,75,75,75,75,75,75,75,75,75,75,75,75],"relic_stats":{"counters":[9,51],"Bottled Tornado":"Dark Embrace","obtain_stats":[{"Incense Burner":8,"Bag of Marbles":12,"Bottled Tornado":10,"Burning Blood":0,"Paper Frog":9},{"Incense Burner":5,"Bag of Marbles":7,"Bottled Tornado":6,"Burning Blood":0,"Paper Frog":5},{"Incense Burner":19,"Bag of Marbles":26,"Bottled Tornado":22,"Burning Blood":0,"Paper Frog":19}],"Burning Blood":48},"card_choices":[{"not_picked":["Intimidate","Reckless Charge"],"picked":"Clothesline","floor":1},{"not_picked":["Seeing Red","Havoc"],"picked":"True Grit","floor":3},{"not_picked":["Thunderclap","Shrug It Off"],"picked":"Dark Embrace","floor":4},{"not_picked":["Fire Breathing","Sword Boomerang"],"picked":"Hemokinesis","floor":5},{"not_picked":["Brutality","Reckless Charge"],"picked":"Pommel Strike","floor":8},{"not_picked":["Armaments","Reckless Charge"],"picked":"Pommel Strike","floor":10},{"not_picked":["Exhume","Pommel Strike"],"picked":"Cleave","floor":12},{"not_picked":["True Grit","Thunderclap","Body Slam"],"picked":"SKIP","floor":14}],"player_experience":167909,"relics_obtained":[{"floor":8,"key":"Incense Burner"},{"floor":9,"key":"Paper Frog"},{"floor":10,"key":"Bottled Tornado"},{"floor":12,"key":"Bag of Marbles"}],"event_choices":[{"damage_healed":0,"gold_gain":0,"player_choice":"1 cards matched","damage_taken":0,"max_hp_gain":0,"max_hp_loss":0,"event_name":"Match and Keep!","floor":7,"gold_loss":0,"cards_obtained":["Bash"]},{"damage_healed":0,"gold_gain":0,"player_choice":"Ignored","damage_taken":0,"max_hp_gain":0,"max_hp_loss":0,"event_name":"Liars Game","floor":11,"gold_loss":0}],"is_beta":false,"boss_relics":[],"items_purged_floors":[],"is_endless":false,"potions_floor_spawned":[4,8,10],"killed_by":"The Guardian","ascension_level":20,"potion_discard_per_floor":[[],[],[],[],[],[],[],[],[],[],[],[],[],[],[],[]]}