{"neow_bonuses_skipped_log":["REMOVE_CARD","HUNDRED_GOLD","REMOVE_TWO"],"potions_obtained_entropic_brew":[[],[],[],[],[],[],[],[],[],[],[],[]],"neow_costs_skipped_log":["NONE","NONE","PERCENT_DAMAGE"],"gold_per_floor":[418,432,446,446,386,386,386,386,386,386,401,401],"floor_reached":12,"playtime":492,"items_purged":[],"score":136,"play_id":"f2a53ec3-0076-4517-84cc-646707a00347","local_time":"20240613085844","score_breakdown":["Floors Climbed (12): 60","Enemies Slain (4): 8","Exordium Elites Killed (0): 0","Bosses Slain (0): 0","Ascension (20): 68"],"is_ascension_mode":true,"potions_obtained_alchemize":[[],[],[],[],[],[],[],[],[],[],[],[]],"campfire_choices":[{"data":"Sever Soul","floor":6.0,"key":"SMITH"},{"data":"Bash","floor":10.0,"key":"SMITH"}],"lesson_learned_per_floor":[[],[],[],[],[],[],[],[],[],[],[],[]],"neow_cost":"NONE","improvable_cards":{},"seed_source_timestamp":5838951563666,"shop_contents":[],"circlet_count":0,"master_deck":["AscendersBane","Strike_R","Strike_R","Strike_R","Strike_R","Defend_R","Defend_R","Defend_R","Defend_R","Bash+1","CurseOfTheBell","Battle Trance","Twin Strike","Flame Barrier","Sever Soul+1","Disarm","Flex"],"special_seed":0,"potion_use_per_floor":[[],[],[],[],[],[],[],[],[],[],[],["SteroidPotion","Weak Potion"]],"relics":["Calling Bell","Bag of Preparation","Sundial","Old Coin"],"potions_floor_usage":[12,12],"damage_taken":[{"damage":9.0,"enemies":"2 Louse","floor":1.0,"turns":4.0},{"damage":3.0,"enemies":"Cultist","floor":2.0,"turns":5.0},{"damage":16.0,"enemies":"Jaw Worm","floor":3.0,"turns":5.0},{"damage":1.0,"enemies":"Looter","floor":5.0,"turns":5.0},{"damage":4.0,"enemies":"3 Louse","floor":11.0,"turns":3.0},{"damage":39,"enemies":"Gremlin Nob","floor":12,"turns":3}],"seed_played":"-2859920388306609128","neow_bonus_log":{"cardsObtained":[],"cardsUpgraded":[],"cardsRemoved":[],"cardsTransformed":[],"relicsObtained":["Calling Bell"],"maxHpGained":0,"goldGained":0,"damageTaken":0,"goldLost":0,"maxHpLost":0},"potions_obtained":[{"floor":2.0,"key":"SteroidPotion"},{"floor":3.0,"key":"Weak Potion"}],"is_trial":false,"path_per_floor":["M","M","M","?","M","R","?","?","T","R","M","E"],"character_chosen":"IRONCLAD","basemod:card_modifiers":[null,null,null,null,null,null,null,null,null,null,null,null,null,null,null,null,null],"items_purchased":[],"campfire_rested":0,"item_purchase_floors":[],"current_hp_per_floor":[59,56,40,40,39,39,44,39,39,39,35,0],"gold":401,"neow_bonus":"BOSS_RELIC","is_prod":false,"is_daily":false,"rewards_skipped":[],"chose_seed":false,"campfire_upgraded":2,"win_rate":0,"floor_exit_playtime":[97,169,213,240,290,337,352,361,373,387,443],"timestamp":1718294324,"blue_key_relic_skipped_log":{"floor":9,"relicID":"Shovel"},"path_taken":["M","M","M","?","M","R","?","?","T","R","M","E"],"build_version":"2022-12-01","purchased_purges":0,"victory":false,"max_hp_per_floor":[75,75,75,75,75,75,80,80,80,80,80,80],"relic_stats":{"counters":[6,25],"Sundial":[6],"Bag of Preparation":[12],"obtain_stats":[{"Calling Bell":0,"Sundial":0,"Bag of Preparation":0,"Burning Blood":0,"Old Coin":0},{"Calling Bell":0,"Sundial":0,"Bag of Preparation":0,"Burning Blood":0,"Old Coin":0},{"Calling Bell":0,"Sundial":0,"Bag of Preparation":0,"Burning Blood":0,"Old Coin":0}]},"card_choices":[{"not_picked":["Sword Boomerang","Shrug It Off"],"picked":"Battle Trance","floor":1.0},{"not_picked":["True Grit","Uppercut"],"picked":"Twin Strike","floor":2.0},{"not_picked":["Sentinel","Limit Break"],"picked":"Flame Barrier","floor":3.0},{"not_picked":["True Grit","Perfected Strike"],"picked":"Disarm","floor":5.0},{"not_picked":["Iron Wave","Clothesline"],"picked":"Flex","floor":11.0}],"player_experience":173130,"relics_obtained":[{"floor":0.0,"key":"Bag of Preparation"},{"floor":0.0,"key":"Sundial"},{"floor":0.0,"key":"Old Coin"}],"event_choices":[{"damage_healed":0.0,"max_hp_gain":0.0,"max_hp_loss":0.0,"gold_gain":0.0,"cards_transformed":["Strike_R"],"event_name":"Living Wall","player_choice":"Change","floor":4.0,"gold_loss":0.0,"damage_taken":0.0,"cards_obtained":["Sever Soul"]},{"damage_healed":0.0,"max_hp_gain":5.0,"max_hp_loss":0.0,"gold_gain":0.0,"event_name":"Big Fish","player_choice":"Donut","floor":7.0,"gold_loss":0.0,"damage_taken":0.0},{"damage_healed":0.0,"max_hp_gain":0.0,"max_hp_loss":0.0,"gold_gain":0.0,"event_name":"Scrap Ooze","player_choice":"Fled","floor":8.0,"gold_loss":0.0,"damage_taken":5.0}],"is_beta":false,"boss_relics":[],"items_purged_floors":[],"is_endless":false,"potions_floor_spawned":[2,3],"killed_by":"Gremlin Nob","ascension_level":20,"potion_discard_per_floor":[[],[],[],[],[],[],[],[],[],[],[],[]]}