{"neow_bonuses_skipped_log":["THREE_CARDS","ONE_RARE_RELIC","BOSS_RELIC"],"neow_costs_skipped_log":["NONE","NO_GOLD","NONE"],"potions_obtained_entropic_brew":[[],[],[],[],[],[],[],[],[],[],[],[],[],[],[],[],[],[],[],[],[],[],[],[],[],[],[],[],[],[],[],[],[],[],[],[],[],[],[],[],[],[],[],[],[],[],[],[],[],[]],"gold_per_floor":[213,213,55,55,74,74,103,122,203,203,237,253,253,273,273,350,350,366,366,162,162,176,207,207,207,207,242,212,226,256,275,275,352,352,367,381,58,73,90,121,121,133,133,166,166,200,200,27,27,27],"floor_reached":50,"playtime":4983,"items_purged":["Strike_R","Strike_R"],"score":1296,"play_id":"4e8c991c-2004-43b5-b498-646101b729fe","local_time":"20240621091110","score_breakdown":["Floors Climbed (50): 250","Enemies Slain (14): 28","Exordium Elites Killed (2): 20","City Elites Killed (3): 60","Beyond Elites Killed (3): 90","Bosses Slain (2): 150","Librarian: 25","Well Fed: 25","Champion (1): 25","Ascension (20): 623"],"is_ascension_mode":true,"potions_obtained_alchemize":[[],[],[],[],[],[],[],[],[],[],[],[],[],[],[],[],[],[],[],[],[],[],[],[],[],[],[],[],[],[],[],[],[],[],[],[],[],[],[],[],[],[],[],[],[],[],[],[],[],[]],"campfire_choices":[{"data":"Perfected Strike","floor":6.0,"key":"SMITH"},{"data":"Perfected Strike","floor":10.0,"key":"SMITH"},{"data":"Dark Embrace","floor":13.0,"key":"SMITH"},{"data":"Bash","floor":15.0,"key":"SMITH"},{"floor":24.0,"key":"REST"},{"floor":32.0,"key":"RECALL"}],"lesson_learned_per_floor":[[],[],[],[],[],[],[],[],[],[],[],[],[],[],[],[],[],[],[],[],[],[],[],[],[],[],[],[],[],[],[],[],[],[],[],[],[],[],[],[],[],[],[],[],[],[],[],[],[],[]],"neow_cost":"NONE","improvable_cards":{},"seed_source_timestamp":0,"shop_contents":[{"floor":3,"relics":["StoneCalendar","Du-Vu Doll"],"cards":["Whirlwind","Dropkick","Shrug It Off","Disarm","Fire Breathing","Discovery","Metamorphosis"],"potions":["ElixirPotion","LiquidBronze","SteroidPotion"]},{"floor":20,"relics":["Darkstone Periapt","Art of War","HandDrill"],"cards":["Carnage","Pummel","Warcry","Bandage Up","Sadistic Nature"],"potions":["Block Potion","DuplicationPotion","Dexterity Potion"]},{"floor":37,"relics":["Happy Flower","TungstenRod"],"cards":["Thunderclap","Limit Break","Combust","Enlightenment","Panache"],"potions":["FearPotion","Strength Potion","BloodPotion"]},{"floor":48,"relics":["CeramicFish","Blue Candle","Sling"],"cards":["Wild Strike+1","Havoc","Warcry","Combust"],"potions":["LiquidBronze","GamblersBrew","Strength Potion"]}],"circlet_count":0,"master_deck":["AscendersBane","Strike_R","Strike_R","Strike_R","Defend_R","Defend_R","Defend_R","Defend_R","Bash+1","Second Wind","Battle Trance","Pommel Strike","Perfected Strike+1","Flame Barrier","Dark Embrace+1","Perfected Strike+1","Cleave","Warcry","Twin Strike","Feed","Armaments+1","Feel No Pain","Rage","Whirlwind","Iron Wave","Impervious","Spot Weakness","Bloodletting","Barricade","Entrench","Shrug It Off","Fiend Fire","Sentinel+1","Shrug It Off","Blind","Flash of Steel+1","Secret Technique","Disarm","Shrug It Off","Entrench","Pommel Strike+1","Panacea","Master of Strategy"],"special_seed":0,"potion_use_per_floor":[[],[],[],[],[],[],["LiquidMemories"],[],[],[],["ColorlessPotion","DistilledChaos"],[],[],["Fruit Juice"],[],["Weak Potion"],[],["ColorlessPotion"],[],[],[],["SteroidPotion"],["Strength Potion","Ancient Potion"],[],[],[],["GamblersBrew"],[],["Swift Potion"],["Regen Potion","DuplicationPotion"],["SneckoOil"],[],["AttackPotion"],[],[],[],[],["DuplicationPotion"],["Swift Potion"],["Energy Potion"],[],["EssenceOfSteel","FairyPotion"],[],["Block Potion"],[],["PowerPotion"],[],[],[],["FearPotion"]],"relics":["Burning Blood","Letter Opener","Kunai","Shuriken","Sundial","Orrery","White Beast Statue","Meat on the Bone","Calipers","Fusion Hammer","Ancient Tea Set","Eternal Feather","Juzu Bracelet","Coffee Dripper","Membership Card","Molten Egg 2","InkBottle","Torii"],"potions_floor_usage":[38,39,40,42,44,46,50],"damage_taken":[{"damage":3.0,"enemies":"2 Louse","floor":1.0,"turns":4.0},{"damage":2.0,"enemies":"Jaw Worm","floor":5.0,"turns":3.0},{"damage":13.0,"enemies":"Lagavulin","floor":7.0,"turns":6.0},{"damage":1.0,"enemies":"Small Slimes","floor":8.0,"turns":2.0},{"damage":0.0,"enemies":"Gremlin Nob","floor":11.0,"turns":2.0},{"damage":0.0,"enemies":"2 Fungi Beasts","floor":12.0,"turns":2.0},{"damage":2.0,"enemies":"Large Slime","floor":14.0,"turns":4.0},{"damage":41.0,"enemies":"Slime Boss","floor":16.0,"turns":10.0},{"damage":0.0,"enemies":"Chosen","floor":18.0,"turns":3.0},{"damage":24.0,"enemies":"Shell Parasite","floor":22.0,"turns":4.0},{"damage":39.0,"enemies":"Slavers","floor":23.0,"turns":6.0},{"damage":43.0,"enemies":"Book of Stabbing","floor":27.0,"turns":6.0},{"damage":12.0,"enemies":"Cultist and Chosen","floor":29.0,"turns":7.0},{"damage":33.0,"enemies":"Slavers","floor":30.0,"turns":12.0},{"damage":19.0,"enemies":"Snake Plant","floor":31.0,"turns":4.0},{"damage":61.0,"enemies":"Automaton","floor":33.0,"turns":12.0},{"damage":0,"enemies":"3 Shapes","floor":35,"turns":6},{"damage":57,"enemies":"3 Darklings","floor":36,"turns":9},{"damage":4,"enemies":"Spire Growth","floor":38,"turns":7},{"damage":14,"enemies":"Sphere and 2 Shapes","floor":39,"turns":8},{"damage":60,"enemies":"Reptomancer","floor":40,"turns":7},{"damage":34,"enemies":"Jaw Worm Horde","floor":42,"turns":12},{"damage":21,"enemies":"Nemesis","floor":44,"turns":17},{"damage":32,"enemies":"Reptomancer","floor":46,"turns":6},{"damage":59,"enemies":"Time Eater","floor":50,"turns":22}],"green_key_taken_log":7,"seed_played":"-7444237478500386927","neow_bonus_log":{"cardsObtained":[],"cardsUpgraded":[],"cardsRemoved":[],"cardsTransformed":[],"relicsObtained":[],"maxHpGained":0,"goldGained":100,"damageTaken":0,"goldLost":0,"maxHpLost":0},"potions_obtained":[{"floor":1.0,"key":"LiquidMemories"},{"floor":7.0,"key":"ColorlessPotion"},{"floor":8.0,"key":"DistilledChaos"},{"floor":11.0,"key":"Strength Potion"},{"floor":12.0,"key":"Fruit Juice"},{"floor":14.0,"key":"Weak Potion"},{"floor":16.0,"key":"ColorlessPotion"},{"floor":18.0,"key":"SteroidPotion"},{"floor":22.0,"key":"Ancient Potion"},{"floor":23.0,"key":"GamblersBrew"},{"floor":27.0,"key":"PowerPotion"},{"floor":28.0,"key":"DuplicationPotion"},{"floor":28.0,"key":"Swift Potion"},{"floor":29.0,"key":"Regen Potion"},{"floor":30.0,"key":"SneckoOil"},{"floor":31.0,"key":"AttackPotion"},{"floor":33.0,"key":"DuplicationPotion"},{"floor":35,"key":"FairyPotion"},{"floor":38,"key":"Swift Potion"},{"floor":39,"key":"Energy Potion"},{"floor":40,"key":"EssenceOfSteel"},{"floor":42,"key":"Block Potion"},{"floor":44,"key":"PowerPotion"},{"floor":46,"key":"FearPotion"}],"is_trial":false,"path_per_floor":["M","?","$","T","M","R","E","M","T","R","E","M","R","M","R","B",null,"M","?","$","T","M","E","R","T","T","E","?","M","E","M","R","B",null,"M","M","$","M","M","E","?","M","T","E","?","E","?","$","R","B"],"character_chosen":"IRONCLAD","basemod:card_modifiers":[null,null,null,null,null,null,null,null,null,null,null,null,null,null,null,null,null,null,null,null,null,null,null,null,null,null,null,null,null,null,null,null,null,null,null,null,null,null,null,null,null,null,null],"items_purchased":["Orrery","Feel No Pain","Rage","Membership Card","Shrug It Off","Fiend Fire","Pommel Strike+1","Panacea","Master of Strategy"],"campfire_rested":1,"item_purchase_floors":[3,20,20,37,37,37,48,48,48],"current_hp_per_floor":[71,76,76,76,80,80,73,78,78,78,80,80,80,85,85,50,76,82,82,82,82,64,43,68,68,68,43,43,52,55,54,69,30,79,89,53,53,67,62,20,10,43,43,40,40,30,30,30,54,0],"gold":27,"neow_bonus":"HUNDRED_GOLD","is_prod":false,"is_daily":false,"rewards_skipped":[{"floor":36,"relics":[],"potions":["EntropicBrew"]}],"chose_seed":false,"campfire_upgraded":4,"win_rate":0,"floor_exit_playtime":[382,389,446,477,511,521,597,642,645,663,722,758,773,829,863,984,1067,1129,1135,1245,1247,1390,1525,1529,1532,1540,1682,1712,1841,2104,2197,2206,2659,2994,3155,3362,3400,3534,3673,3862,3894,4097,4100,4369,4387,4548,4560,4589,4593],"timestamp":1718975470,"blue_key_relic_skipped_log":{"floor":4,"relicID":"Boot"},"path_taken":["M","?","$","?","M","R","E","M","T","R","E","?","R","M","R","BOSS","M","?","$","?","?","E","R","?","T","E","?","M","E","M","R","BOSS","M","M","$","M","M","E","?","M","T","E","?","E","?","?","R","BOSS"],"build_version":"2022-12-01","purchased_purges":2,"victory":false,"max_hp_per_floor":[75,80,80,80,80,80,80,80,80,80,80,80,80,85,85,85,85,85,85,85,85,85,85,85,85,85,85,85,88,91,91,91,95,95,99,102,102,102,105,105,105,108,108,108,103,107,107,107,107,107],"relic_stats":{"Calipers":[396],"Torii":0,"counters":[25,181],"Eternal Feather":39,"Juzu Bracelet":0,"Letter Opener":[126],"Ancient Tea Set":[6],"Burning Blood":130,"White Beast Statue":[0.0024998400000000014,0.0,0.10427520000000007,0.0,0.43920256000000024,0.0,0.38386560000000025,0.0,0.06894720000000004,0.0,0.0012096000000000008,8.995452160000003],"Shuriken":[36],"Sundial":[16],"Kunai":[34],"Membership Card":325,"obtain_stats":[{"Calipers":11,"Torii":46,"Eternal Feather":27,"Juzu Bracelet":30,"Letter Opener":43,"Ancient Tea Set":23,"Burning Blood":0,"White Beast Statue":7,"Shuriken":21,"Sundial":25,"Orrery":3,"Molten Egg 2":40,"Fusion Hammer":17,"Coffee Dripper":34,"Kunai":26,"Membership Card":37,"InkBottle":44,"Meat on the Bone":9},{"Calipers":5,"Torii":24,"Eternal Feather":12,"Juzu Bracelet":14,"Letter Opener":22,"Ancient Tea Set":11,"Burning Blood":0,"White Beast Statue":3,"Shuriken":9,"Sundial":11,"Orrery":1,"Molten Egg 2":21,"Fusion Hammer":8,"Coffee Dripper":16,"Kunai":11,"Membership Card":18,"InkBottle":23,"Meat on the Bone":4},{"Calipers":17,"Torii":159,"Eternal Feather":52,"Juzu Bracelet":71,"Letter Opener":136,"Ancient Tea Set":46,"Burning Blood":0,"White Beast Statue":13,"Shuriken":36,"Sundial":46,"Orrery":4,"Molten Egg 2":124,"Fusion Hammer":33,"Coffee Dripper":87,"Kunai":46,"Membership Card":102,"InkBottle":153,"Meat on the Bone":15}],"InkBottle":[11],"Meat on the Bone":144},"card_choices":[{"not_picked":["Warcry","Seeing Red"],"picked":"Second Wind","floor":1.0},{"not_picked":["Warcry","Dropkick"],"picked":"Battle Trance","floor":3.0},{"not_picked":["True Grit","Reckless Charge"],"picked":"Pommel Strike","floor":3.0},{"not_picked":["Clash","Flex"],"picked":"Perfected Strike","floor":3.0},{"not_picked":["Wild Strike","Headbutt"],"picked":"Flame Barrier","floor":3.0},{"not_picked":["Body Slam","Thunderclap","Warcry"],"picked":"SKIP","floor":3.0},{"not_picked":["Headbutt","Double Tap"],"picked":"Dark Embrace","floor":5.0},{"not_picked":["True Grit","Entrench"],"picked":"Perfected Strike","floor":7.0},{"not_picked":["Wild Strike","Metallicize","True Grit"],"picked":"SKIP","floor":8.0},{"not_picked":["Battle Trance","Ghostly Armor"],"picked":"Cleave","floor":11.0},{"not_picked":["Flex","Shrug It Off"],"picked":"Warcry","floor":12.0},{"not_picked":["Iron Wave","Blood for Blood"],"picked":"Twin Strike","floor":14.0},{"not_picked":["Brutality","Exhume"],"picked":"Feed","floor":16.0},{"not_picked":["Metallicize","Anger+1"],"picked":"Armaments+1","floor":18.0},{"not_picked":["Anger","Thunderclap"],"picked":"Whirlwind","floor":22.0},{"not_picked":["Bludgeon","Shrug It Off"],"picked":"Iron Wave","floor":23.0},{"not_picked":["Rampage+1","Iron Wave","Sword Boomerang"],"picked":"SKIP","floor":27.0},{"not_picked":["Havoc","Sword Boomerang"],"picked":"Impervious","floor":29.0},{"not_picked":["Wild Strike","Ghostly Armor"],"picked":"Spot Weakness","floor":30.0},{"not_picked":["Shrug It Off","Warcry"],"picked":"Bloodletting","floor":31.0},{"not_picked":["Impervious","Reaper"],"picked":"Barricade","floor":33.0},{"not_picked":["Anger","Thunderclap"],"picked":"Entrench","floor":35},{"not_picked":["Armaments+1","Inflame+1","Iron Wave"],"picked":"SKIP","floor":36},{"not_picked":["Cleave","Flame Barrier"],"picked":"Sentinel+1","floor":38},{"not_picked":["Sword Boomerang+1","Dropkick"],"picked":"Shrug It Off","floor":39},{"not_picked":["Flex","Sword Boomerang+1","Reckless Charge+1"],"picked":"SKIP","floor":40},{"not_picked":["Panache","Mayhem"],"picked":"Blind","floor":41},{"not_picked":["Metamorphosis","Swift Strike+1"],"picked":"Flash of Steel+1","floor":41},{"not_picked":["Trip","Good Instincts"],"picked":"Secret Technique","floor":41},{"not_picked":["Bloodletting+1","Flex"],"picked":"Disarm","floor":42},{"not_picked":["Armaments","Shrug It Off","Body Slam+1"],"picked":"SKIP","floor":44},{"not_picked":["Armaments","Body Slam+1"],"picked":"Shrug It Off","floor":44},{"not_picked":["Combust","Intimidate"],"picked":"Entrench","floor":46}],"player_experience":190468,"relics_obtained":[{"floor":7.0,"key":"White Beast Statue"},{"floor":9.0,"key":"Meat on the Bone"},{"floor":11.0,"key":"Calipers"},{"floor":21.0,"key":"Shuriken"},{"floor":23.0,"key":"Ancient Tea Set"},{"floor":25.0,"key":"Sundial"},{"floor":26.0,"key":"Kunai"},{"floor":27.0,"key":"Eternal Feather"},{"floor":30.0,"key":"Juzu Bracelet"},{"floor":40,"key":"Molten Egg 2"},{"floor":43,"key":"Letter Opener"},{"floor":44,"key":"InkBottle"},{"floor":46,"key":"Torii"}],"event_choices":[{"damage_healed":0.0,"max_hp_gain":5.0,"max_hp_loss":0.0,"gold_gain":0.0,"event_name":"Big Fish","player_choice":"Donut","floor":2.0,"gold_loss":0.0,"damage_taken":0.0},{"damage_healed":0.0,"max_hp_gain":0.0,"max_hp_loss":0.0,"gold_gain":0.0,"event_name":"Vampires","player_choice":"Ignored","floor":19.0,"gold_loss":0.0,"damage_taken":0.0},{"damage_healed":0.0,"max_hp_gain":0.0,"max_hp_loss":0.0,"gold_gain":0.0,"event_name":"The Woman in Blue","player_choice":"Bought 2 Potions","floor":28.0,"gold_loss":0.0,"damage_taken":0.0},{"damage_healed":0,"gold_gain":0,"player_choice":"Memory 3","damage_taken":10,"max_hp_gain":0,"max_hp_loss":0,"event_name":"SensoryStone","floor":41,"gold_loss":0},{"damage_healed":0,"gold_gain":0,"player_choice":"Max HP","damage_taken":0,"max_hp_gain":0,"max_hp_loss":5,"event_name":"Winding Halls","floor":45,"gold_loss":0},{"damage_healed":0,"gold_gain":0,"player_choice":"Ignored","damage_taken":0,"max_hp_gain":0,"max_hp_loss":0,"event_name":"The Moai Head","floor":47,"gold_loss":0}],"is_beta":false,"boss_relics":[{"not_picked":["Sozu","Ectoplasm"],"picked":"Fusion Hammer"},{"not_picked":["Snecko Eye","Calling Bell"],"picked":"Coffee Dripper"}],"items_purged_floors":[20,37],"is_endless":false,"potions_floor_spawned":[1,7,8,11,12,14,16,18,22,23,27,29,30,31,33,35,36,38,39,40,42,44,46],"killed_by":"Time Eater","ascension_level":20,"potion_discard_per_floor":[[],[],[],[],[],[],[],[],[],[],[],[],[],[],[],[],[],[],[],[],[],[],[],[],[],[],[],["PowerPotion"],[],[],[],[],[],[],[],[],[],[],[],[],[],[],[],[],[],[],[],[],[],[]]}