{"neow_bonuses_skipped_log":["REMOVE_CARD","ONE_RARE_RELIC","BOSS_RELIC"],"potions_obtained_entropic_brew":[[],[],[],[],[],[]],"neow_costs_skipped_log":["NONE","TEN_PERCENT_HP_LOSS","NONE"],"gold_per_floor":[218,230,242,242,21,21],"floor_reached":6,"playtime":376,"items_purged":["Strike_R"],"score":72,"play_id":"8fafd95d-f6d3-4a8d-8292-623a6ea2f29b","local_time":"20240622153418","score_breakdown":["Floors Climbed (6): 30","Enemies Slain (3): 6","Exordium Elites Killed (0): 0","Bosses Slain (0): 0","Ascension (20): 36"],"is_ascension_mode":true,"potions_obtained_alchemize":[[],[],[],[],[],[]],"campfire_choices":[],"lesson_learned_per_floor":[[],[],[],[],[],[]],"neow_cost":"NONE","improvable_cards":{},"seed_source_timestamp":610655899041,"shop_contents":[{"floor":5,"relics":["Tiny Chest","InkBottle","DollysMirror"],"cards":["Pummel","Dropkick","Limit Break","Evolve","Panacea","Secret Weapon"],"potions":["SmokeBomb","DuplicationPotion"]}],"circlet_count":0,"master_deck":["AscendersBane","Strike_R+1","Strike_R","Strike_R+1","Strike_R","Defend_R","Defend_R","Defend_R","Defend_R","Bash","Perfected Strike","Headbutt","Armaments","Battle Trance"],"potion_use_per_floor":[[],[],[],[],[],["ColorlessPotion","Weak Potion"]],"relics":["Burning Blood"],"potions_floor_usage":[6,6],"damage_taken":[{"damage":14,"enemies":"Small Slimes","floor":1,"turns":4},{"damage":19,"enemies":"Jaw Worm","floor":2,"turns":4},{"damage":2,"enemies":"2 Louse","floor":3,"turns":3},{"damage":30,"enemies":"3 Sentries","floor":6,"turns":6}],"seed_played":"639666133889020688","neow_bonus_log":{"cardsObtained":[],"cardsUpgraded":[],"cardsRemoved":[],"cardsTransformed":[],"relicsObtained":[],"maxHpGained":0,"goldGained":100,"damageTaken":0,"goldLost":0,"maxHpLost":0},"potions_obtained":[{"floor":2,"key":"Weak Potion"},{"floor":3,"key":"ElixirPotion"}],"is_trial":false,"path_per_floor":["M","M","M","?","$","E"],"character_chosen":"IRONCLAD","basemod:card_modifiers":[null,null,null,null,null,null,null,null,null,null,null,null,null,null],"items_purchased":["Battle Trance","ColorlessPotion"],"campfire_rested":0,"item_purchase_floors":[5,5],"current_hp_per_floor":[60,47,51,28,28,0],"gold":21,"neow_bonus":"HUNDRED_GOLD","is_prod":false,"is_daily":false,"rewards_skipped":[],"chose_seed":false,"campfire_upgraded":0,"win_rate":0,"floor_exit_playtime":[115,173,229,235,264],"timestamp":1719084858,"path_taken":["M","M","M","?","$","E"],"build_version":"2022-12-01","purchased_purges":1,"victory":false,"max_hp_per_floor":[75,75,75,75,75,75],"relic_stats":{"counters":[4,17],"obtain_stats":[{"Burning Blood":0},{"Burning Blood":0},{"Burning Blood":0}],"Burning Blood":18},"card_choices":[{"not_picked":["Heavy Blade","Headbutt"],"picked":"Perfected Strike","floor":1},{"not_picked":["Clash","Havoc"],"picked":"Headbutt","floor":2},{"not_picked":["Searing Blow","Flex"],"picked":"Armaments","floor":3}],"player_experience":198503,"relics_obtained":[],"event_choices":[{"damage_healed":0,"gold_gain":0,"player_choice":"Entered Light","damage_taken":23,"max_hp_gain":0,"max_hp_loss":0,"event_name":"Shining Light","floor":4,"gold_loss":0,"cards_upgraded":["Strike_R","Strike_R"]}],"is_beta":false,"boss_relics":[],"items_purged_floors":[5],"is_endless":false,"potions_floor_spawned":[2,3],"killed_by":"3 Sentries","ascension_level":20,"potion_discard_per_floor":[[],[],[],[],["ElixirPotion"],[]]}