{"neow_bonuses_skipped_log":["TRANSFORM_CARD","ONE_RARE_RELIC","BOSS_RELIC"],"neow_costs_skipped_log":["NONE","CURSE","NONE"],"potions_obtained_entropic_brew":[[],[],[],[],[],[],[],[],[],[],[],[],[],[],[],[],[],[],[],[],[],[],[],[],[],[],[],[],[],[],[],[],[],[],[],[],[],[],[],[]],"gold_per_floor":[119,137,150,5,15,50,50,83,83,103,103,113,141,153,153,225,225,241,257,292,104,104,104,130,130,130,147,174,187,217,132,144,227,239,270,294,306,335,347,359],"floor_reached":40,"playtime":3052,"items_purged":["Strike_R"],"score":1136,"play_id":"6e7bcbae-ab0b-4205-a8a8-b26dbcd8df08","local_time":"20240621233439","score_breakdown":["Floors Climbed (40): 200","Enemies Slain (14): 28","Exordium Elites Killed (3): 30","City Elites Killed (3): 60","Beyond Elites Killed (0): 0","Bosses Slain (2): 150","Champion (1): 25","Perfect (1): 50","Overkill: 25","Ascension (20): 568"],"is_ascension_mode":true,"potions_obtained_alchemize":[[],[],[],[],[],[],[],[],[],[],[],[],[],[],[],[],[],[],[],[],[],[],[],[],[],[],[],[],[],[],[],[],[],[],[],[],[],[],[],[]],"campfire_choices":[{"data":"Perfected Strike","floor":11.0,"key":"SMITH"},{"data":"Armaments","floor":15.0,"key":"SMITH"},{"data":"Immolate","floor":23,"key":"SMITH"},{"data":"Pommel Strike","floor":25,"key":"SMITH"},{"data":"True Grit","floor":32,"key":"SMITH"}],"lesson_learned_per_floor":[[],[],[],[],[],[],[],[],[],[],[],[],[],[],[],[],[],[],[],[],[],[],[],[],[],[],[],[],[],[],[],[],[],[],[],[],[],[],[],[]],"neow_cost":"NONE","improvable_cards":{},"seed_source_timestamp":311574238895500,"shop_contents":[{"floor":4,"relics":["Peace Pipe","Centennial Puzzle","Medical Kit"],"cards":["Thunderclap","Searing Blow","Warcry","Intimidate","Impatience","Sadistic Nature"],"potions":["Ancient Potion","LiquidMemories"]},{"floor":21,"relics":["Boot","Mummified Hand","DollysMirror"],"cards":["Sword Boomerang","Cleave","Havoc","Metallicize","Enlightenment","Master of Strategy"],"potions":["CultistPotion","PowerPotion"]},{"floor":37,"relics":["Meat on the Bone","Eternal Feather","Sling"],"cards":["Carnage","Anger","Infernal Blade","Spot Weakness","Brutality","Purity","Magnetism"],"potions":["FearPotion","Swift Potion","Weak Potion"]}],"circlet_count":0,"master_deck":["AscendersBane","Strike_R","Strike_R","Strike_R","Strike_R","Defend_R","Defend_R","Defend_R","Bash","Twin Strike","Perfected Strike+1","Evolve","Cleave","Armaments+1","Headbutt","Sword Boomerang","Impervious","Immolate+1","Pommel Strike+1","Fiend Fire","Evolve","True Grit+1","J.A.X.","Seeing Red","Dark Embrace","Iron Wave","Offering","Dual Wield","Warcry"],"special_seed":0,"potion_use_per_floor":[[],[],[],[],[],["Fire Potion"],[],["LiquidMemories"],[],[],[],[],["GamblersBrew"],[],[],["FearPotion"],[],[],[],["Explosive Potion"],[],[],[],["Strength Potion"],[],[],[],["AttackPotion"],[],[],[],[],[],[],[],[],[],["GamblersBrew"],[],["AttackPotion","SneckoOil"]],"relics":["Burning Blood","Lantern","Shuriken","FaceOfCleric","Orichalcum","CaptainsWheel","Pen Nib","Mark of Pain","Red Mask","FossilizedHelix","Toy Ornithopter","Charon\u0027s Ashes","Unceasing Top","MawBank","Runic Cube"],"potions_floor_usage":[20,24,28,38,40,40],"damage_taken":[{"damage":6.0,"enemies":"Cultist","floor":1.0,"turns":3.0},{"damage":3.0,"enemies":"2 Louse","floor":2.0,"turns":3.0},{"damage":0.0,"enemies":"Small Slimes","floor":3.0,"turns":2.0},{"damage":9.0,"enemies":"Exordium Wildlife","floor":5.0,"turns":4.0},{"damage":8.0,"enemies":"Gremlin Nob","floor":6.0,"turns":3.0},{"damage":55.0,"enemies":"Lagavulin","floor":8.0,"turns":7.0},{"damage":3.0,"enemies":"Blue Slaver","floor":10.0,"turns":4.0},{"damage":3.0,"enemies":"Large Slime","floor":12.0,"turns":6.0},{"damage":8.0,"enemies":"3 Sentries","floor":13.0,"turns":4.0},{"damage":5.0,"enemies":"Looter","floor":14.0,"turns":2.0},{"damage":0.0,"enemies":"Slime Boss","floor":16.0,"turns":6.0},{"damage":15,"enemies":"Shell Parasite","floor":18,"turns":3},{"damage":0,"enemies":"Chosen","floor":19,"turns":3},{"damage":13,"enemies":"Masked Bandits","floor":20,"turns":3},{"damage":9,"enemies":"Slavers","floor":24,"turns":3},{"damage":0,"enemies":"Centurion and Healer","floor":27,"turns":1},{"damage":16,"enemies":"Book of Stabbing","floor":28,"turns":5},{"damage":0,"enemies":"Snecko","floor":29,"turns":4},{"damage":3,"enemies":"Slavers","floor":30,"turns":4},{"damage":54,"enemies":"Champ","floor":33,"turns":12},{"damage":0,"enemies":"3 Darklings","floor":35,"turns":1},{"damage":14,"enemies":"3 Shapes","floor":36,"turns":3},{"damage":22,"enemies":"Spire Growth","floor":38,"turns":4},{"damage":75,"enemies":"Giant Head","floor":40,"turns":5}],"green_key_taken_log":8,"seed_played":"-8075759980166699246","neow_bonus_log":{"cardsObtained":[],"cardsUpgraded":[],"cardsRemoved":[],"cardsTransformed":[],"relicsObtained":["Lantern"],"maxHpGained":0,"goldGained":0,"damageTaken":0,"goldLost":0,"maxHpLost":0},"potions_obtained":[{"floor":1.0,"key":"LiquidMemories"},{"floor":5.0,"key":"Fire Potion"},{"floor":8.0,"key":"FearPotion"},{"floor":12.0,"key":"GamblersBrew"},{"floor":14.0,"key":"Explosive Potion"},{"floor":20,"key":"Strength Potion"},{"floor":24,"key":"GamblersBrew"},{"floor":35,"key":"AttackPotion"},{"floor":38,"key":"SneckoOil"}],"is_trial":false,"path_per_floor":["M","M","M","$","M","E","?","E","T","M","R","M","E","M","R","B",null,"M","M","?","$","?","R","E","R","T","M","E","M","E","?","R","B",null,"M","M","$","M","?","E"],"character_chosen":"IRONCLAD","basemod:card_modifiers":[null,null,null,null,null,null,null,null,null,null,null,null,null,null,null,null,null,null,null,null,null,null,null,null,null,null,null,null,null],"items_purchased":["Evolve","PowerPotion","AttackPotion","True Grit"],"campfire_rested":0,"item_purchase_floors":[4,4,21,21],"current_hp_per_floor":[68,71,75,75,72,70,70,22,22,26,26,30,29,31,31,38,70,62,69,63,63,63,63,61,61,61,68,64,71,75,75,75,28,75,82,75,75,65,65,0],"gold":359,"neow_bonus":"RANDOM_COMMON_RELIC","is_prod":false,"is_daily":false,"rewards_skipped":[{"floor":27,"relics":[],"potions":["Block Potion"]}],"chose_seed":false,"campfire_upgraded":5,"win_rate":0,"floor_exit_playtime":[143,187,255,274,327,402,407,495,497,531,552,649,763,785,806,922,1178,1216,1265,1345,1432,1461,1469,1654,1697,1709,1738,1945,2018,2127,2132,2144,2380,2425,2490,2657,2701,2845,2865],"timestamp":1719027279,"path_taken":["M","M","M","$","?","E","?","E","T","M","R","M","E","M","R","BOSS","M","M","?","$","?","R","E","R","T","?","E","M","E","?","R","BOSS","M","?","$","M","?","E"],"build_version":"2022-12-01","purchased_purges":1,"victory":false,"max_hp_per_floor":[75,75,75,75,75,75,75,76,76,77,77,78,79,80,80,81,81,82,83,84,84,84,84,85,85,85,86,87,88,89,89,89,90,90,91,92,92,93,93,93],"relic_stats":{"counters":[24,95],"Pen Nib":[12],"Charon\u0027s Ashes":[180],"Orichalcum":[114],"MawBank":108,"Burning Blood":136,"FaceOfCleric":18,"Shuriken":[27],"obtain_stats":[{"Lantern":0,"Pen Nib":13,"Charon\u0027s Ashes":28,"Orichalcum":8,"MawBank":31,"Burning Blood":0,"CaptainsWheel":9,"FaceOfCleric":7,"Shuriken":6,"Mark of Pain":17,"Red Mask":20,"FossilizedHelix":24,"Toy Ornithopter":26,"Unceasing Top":30,"Runic Cube":34},{"Lantern":0,"Pen Nib":9,"Charon\u0027s Ashes":17,"Orichalcum":6,"MawBank":19,"Burning Blood":0,"CaptainsWheel":6,"FaceOfCleric":5,"Shuriken":5,"Mark of Pain":11,"Red Mask":14,"FossilizedHelix":15,"Toy Ornithopter":15,"Unceasing Top":19,"Runic Cube":20},{"Lantern":0,"Pen Nib":36,"Charon\u0027s Ashes":62,"Orichalcum":22,"MawBank":70,"Burning Blood":0,"CaptainsWheel":22,"FaceOfCleric":15,"Shuriken":15,"Mark of Pain":44,"Red Mask":53,"FossilizedHelix":56,"Toy Ornithopter":56,"Unceasing Top":70,"Runic Cube":82}],"FossilizedHelix":[44],"Toy Ornithopter":20,"Unceasing Top":[1],"Runic Cube":[7]},"card_choices":[{"not_picked":["Metallicize","Warcry"],"picked":"Twin Strike","floor":1.0},{"not_picked":["True Grit","Clash"],"picked":"Perfected Strike","floor":2.0},{"not_picked":["Sentinel","Wild Strike","Limit Break"],"picked":"SKIP","floor":3.0},{"not_picked":["Second Wind","Ghostly Armor"],"picked":"Cleave","floor":5.0},{"not_picked":["Wild Strike","Carnage","Bludgeon"],"picked":"SKIP","floor":6.0},{"not_picked":["Carnage","Body Slam"],"picked":"Armaments","floor":8.0},{"not_picked":["Twin Strike","Rampage"],"picked":"Headbutt","floor":10.0},{"not_picked":["Cleave","Heavy Blade"],"picked":"Sword Boomerang","floor":12.0},{"not_picked":["Seeing Red","Cleave","Sword Boomerang"],"picked":"SKIP","floor":13.0},{"not_picked":["Clash","Body Slam"],"picked":"Impervious","floor":14.0},{"not_picked":["Corruption","Juggernaut"],"picked":"Immolate","floor":16.0},{"not_picked":["Havoc","Second Wind"],"picked":"Pommel Strike","floor":18},{"not_picked":["Cleave","Iron Wave+1"],"picked":"Fiend Fire","floor":19},{"not_picked":["Inflame","Anger"],"picked":"Evolve","floor":20},{"not_picked":["Metallicize","Wild Strike","Thunderclap"],"picked":"SKIP","floor":24},{"not_picked":["Combust","Entrench","Armaments"],"picked":"SKIP","floor":27},{"not_picked":["Rupture","Cleave+1"],"picked":"Seeing Red","floor":28},{"not_picked":["Headbutt","Intimidate"],"picked":"Dark Embrace","floor":29},{"not_picked":["Warcry","Bludgeon"],"picked":"Iron Wave","floor":30},{"not_picked":["Limit Break","Barricade"],"picked":"Offering","floor":33},{"not_picked":["Armaments+1","Clothesline"],"picked":"Dual Wield","floor":35},{"not_picked":["Sword Boomerang","Body Slam+1","Iron Wave"],"picked":"SKIP","floor":36},{"not_picked":["Havoc","Warcry","Double Tap"],"picked":"SKIP","floor":38},{"not_picked":["Havoc","Double Tap"],"picked":"Warcry","floor":38}],"player_experience":195451,"relics_obtained":[{"floor":6.0,"key":"Shuriken"},{"floor":8.0,"key":"Orichalcum"},{"floor":9.0,"key":"CaptainsWheel"},{"floor":13.0,"key":"Pen Nib"},{"floor":20,"key":"Red Mask"},{"floor":24,"key":"FossilizedHelix"},{"floor":26,"key":"Toy Ornithopter"},{"floor":28,"key":"Charon\u0027s Ashes"},{"floor":30,"key":"Unceasing Top"}],"event_choices":[{"damage_healed":0.0,"max_hp_gain":0.0,"max_hp_loss":0.0,"gold_gain":0.0,"event_name":"FaceTrader","player_choice":"Trade","floor":7.0,"gold_loss":0.0,"damage_taken":0.0,"relics_obtained":["FaceOfCleric"]},{"damage_healed":0,"gold_gain":0,"player_choice":"Fought Bandits","damage_taken":0,"max_hp_gain":0,"max_hp_loss":0,"event_name":"Masked Bandits","floor":20,"gold_loss":0},{"damage_healed":0,"gold_gain":0,"player_choice":"Obtain J.A.X.","damage_taken":0,"max_hp_gain":0,"max_hp_loss":0,"event_name":"Drug Dealer","floor":22,"gold_loss":0,"cards_obtained":["J.A.X."]},{"damage_healed":0,"gold_gain":0,"player_choice":"Obtained Relic","damage_taken":0,"relics_obtained":["MawBank"],"max_hp_gain":0,"max_hp_loss":0,"event_name":"Addict","floor":31,"gold_loss":85},{"cards_removed":["Defend_R"],"damage_healed":0,"gold_gain":0,"player_choice":"Purged","damage_taken":0,"max_hp_gain":0,"max_hp_loss":0,"event_name":"Purifier","floor":39,"gold_loss":0}],"is_beta":false,"boss_relics":[{"not_picked":["Calling Bell","Black Blood"],"picked":"Mark of Pain"},{"not_picked":["Empty Cage","Sozu"],"picked":"Runic Cube"}],"items_purged_floors":[21],"is_endless":false,"potions_floor_spawned":[1,5,8,12,14,20,24,27,35,38],"killed_by":"Giant Head","ascension_level":20,"potion_discard_per_floor":[[],[],[],[],["PowerPotion"],[],[],[],[],[],[],[],[],[],[],[],[],[],[],[],[],[],[],[],[],[],[],[],[],[],[],[],[],[],[],[],[],[],[],[]]}