{"neow_bonuses_skipped_log":["ONE_RANDOM_RARE_CARD","RANDOM_COLORLESS_2","BOSS_RELIC"],"neow_costs_skipped_log":["NONE","CURSE","NONE"],"potions_obtained_entropic_brew":[[],[],[],[],[],[],[],[],[],[],[],[],[],[],[],[],[],[],[],[],[],[],[],[],[],[],[],[],[],[],[],[],[],[],[],[],[],[],[],[],[],[],[],[],[],[],[],[],[],[],[],[],[],[],[],[]],"gold_per_floor":[217,228,244,37,37,37,70,70,94,94,129,142,174,174,174,251,251,269,280,280,180,180,180,194,219,298,311,59,59,84,104,104,181,181,197,197,224,242,258,293,293,318,345,363,395,395,414,433,433,433,433,433,433,103,137,137],"floor_reached":56,"playtime":4107,"items_purged":["Defend_R","Strike_R","Defend_R"],"score":2040,"play_id":"82076c86-16f0-4fc0-8df0-3ca033d9cf4f","local_time":"20240704173740","falling_options_log":["Flame Barrier","Juggernaut"],"score_breakdown":["Floors Climbed (56): 280","Enemies Slain (15): 30","Exordium Elites Killed (3): 30","City Elites Killed (2): 40","Beyond Elites Killed (3): 90","Bosses Slain (4): 500","Champion (1): 25","Overkill: 25","Ascension (20): 1020"],"is_ascension_mode":true,"potions_obtained_alchemize":[[],[],[],[],[],[],[],[],[],[],[],[],[],[],[],[],[],[],[],[],[],[],[],[],[],[],[],[],[],[],[],[],[],[],[],[],[],[],[],[],[],[],[],[],[],[],[],[],[],[],[],[],[],[],[],[]],"campfire_choices":[{"data":"Searing Blow+1","floor":6.0,"key":"SMITH"},{"data":"Searing Blow+2","floor":8.0,"key":"SMITH"},{"data":"Searing Blow+3","floor":10.0,"key":"SMITH"},{"data":"Uppercut","floor":15.0,"key":"SMITH"},{"data":"Immolate","floor":23.0,"key":"SMITH"},{"data":"Searing Blow+4","floor":29.0,"key":"SMITH"},{"data":"Searing Blow+5","floor":32.0,"key":"SMITH"},{"floor":41.0,"key":"RECALL"},{"data":"Flame Barrier","floor":49.0,"key":"SMITH"},{"data":"Feel No Pain","floor":53.0,"key":"SMITH"}],"lesson_learned_per_floor":[[],[],[],[],[],[],[],[],[],[],[],[],[],[],[],[],[],[],[],[],[],[],[],[],[],[],[],[],[],[],[],[],[],[],[],[],[],[],[],[],[],[],[],[],[],[],[],[],[],[],[],[],[],[],[],[]],"neow_cost":"NONE","improvable_cards":{},"seed_source_timestamp":162727893018625,"shop_contents":[{"floor":4,"relics":["StrikeDummy","Bottled Flame","HandDrill"],"cards":["Wild Strike","Ghostly Armor","Rupture","Enlightenment","Transmutation"],"potions":["ColorlessPotion","Swift Potion","AttackPotion"]},{"floor":21,"relics":["Charon\u0027s Ashes","Bronze Scales","Strange Spoon"],"cards":["Clothesline","Iron Wave","True Grit","Havoc","Combust","Deep Breath","Mayhem"],"potions":["EssenceOfSteel","Swift Potion","SmokeBomb"]},{"floor":28,"relics":["Blood Vial","Frozen Egg 2","Frozen Eye"],"cards":["Bludgeon","Clash","Rupture","Jack Of All Trades+1","Apotheosis+1"],"potions":["GamblersBrew","SteroidPotion","DistilledChaos"]},{"floor":54,"relics":["Bottled Tornado","Anchor"],"cards":["Body Slam","Reckless Charge","Intimidate+1","Discovery+1","Chrysalis+1"],"potions":["Fire Potion","SteroidPotion","LiquidBronze"]}],"circlet_count":0,"master_deck":["AscendersBane","Strike_R","Strike_R","Strike_R","Strike_R","Defend_R","Bash","Armaments","Juggernaut","Searing Blow+6","Armaments","Flame Barrier+1","Uppercut+1","Immolate+1","Shrug It Off+1","Juggernaut","Headbutt","Dark Embrace","Dual Wield+1","Armaments+1","Corruption","Flame Barrier+1","Feel No Pain+1","True Grit+1","Second Wind+1","Seeing Red+1","Double Tap+1","Exhume+1","True Grit+1","Shockwave+1","Feel No Pain","Second Wind+1"],"special_seed":0,"potion_use_per_floor":[[],[],[],[],[],[],["Explosive Potion"],[],[],[],["DuplicationPotion"],[],[],[],[],[],[],[],[],[],[],[],[],["BloodPotion"],["Energy Potion"],[],[],[],[],[],[],[],[],[],[],[],[],[],[],["Swift Potion"],[],[],[],[],["BlessingOfTheForge"],[],["Block Potion"],["Dexterity Potion"],[],[],[],[],[],[],[],["HeartOfIron","Energy Potion"]],"relics":["Burning Blood","Red Skull","Orichalcum","Mercury Hourglass","Mango","Snecko Eye","Pantograph","Toxic Egg 2","Meat on the Bone","SlaversCollar","Toy Ornithopter","Self Forming Clay","Dream Catcher","Nunchaku","Orrery","Incense Burner"],"potions_floor_usage":[56,56],"damage_taken":[{"damage":7.0,"enemies":"Jaw Worm","floor":1.0,"turns":3.0},{"damage":7.0,"enemies":"Small Slimes","floor":2.0,"turns":5.0},{"damage":1.0,"enemies":"Cultist","floor":3.0,"turns":4.0},{"damage":25.0,"enemies":"3 Sentries","floor":7.0,"turns":6.0},{"damage":0.0,"enemies":"Gremlin Nob","floor":11.0,"turns":2.0},{"damage":0.0,"enemies":"2 Fungi Beasts","floor":12.0,"turns":2.0},{"damage":28.0,"enemies":"Lagavulin","floor":13.0,"turns":6.0},{"damage":23.0,"enemies":"Hexaghost","floor":16.0,"turns":7.0},{"damage":12.0,"enemies":"3 Byrds","floor":18.0,"turns":3.0},{"damage":0.0,"enemies":"Chosen","floor":19.0,"turns":2.0},{"damage":7.0,"enemies":"Centurion and Healer","floor":24.0,"turns":4.0},{"damage":19.0,"enemies":"Slavers","floor":25.0,"turns":3.0},{"damage":6.0,"enemies":"Snake Plant","floor":27.0,"turns":2.0},{"damage":12.0,"enemies":"Gremlin Leader","floor":30.0,"turns":4.0},{"damage":38.0,"enemies":"Shelled Parasite and Fungi","floor":31.0,"turns":4.0},{"damage":73.0,"enemies":"Automaton","floor":33.0,"turns":8.0},{"damage":0.0,"enemies":"Orb Walker","floor":35.0,"turns":2.0},{"damage":0.0,"enemies":"3 Darklings","floor":38.0,"turns":2.0},{"damage":0.0,"enemies":"Maw","floor":39.0,"turns":4.0},{"damage":11.0,"enemies":"Reptomancer","floor":40.0,"turns":3.0},{"damage":13.0,"enemies":"Giant Head","floor":42.0,"turns":6.0},{"damage":18.0,"enemies":"Jaw Worm Horde","floor":44.0,"turns":4.0},{"damage":7.0,"enemies":"Reptomancer","floor":45.0,"turns":3.0},{"damage":31.0,"enemies":"Sphere and 2 Shapes","floor":47.0,"turns":4.0},{"damage":16.0,"enemies":"3 Darklings","floor":48.0,"turns":3.0},{"damage":27.0,"enemies":"Awakened One","floor":50.0,"turns":7.0},{"damage":42.0,"enemies":"Donu and Deca","floor":51.0,"turns":8.0},{"damage":56.0,"enemies":"Shield and Spear","floor":55.0,"turns":5.0},{"damage":82,"enemies":"The Heart","floor":56,"turns":5}],"green_key_taken_log":45,"seed_played":"3886044245808530973","neow_bonus_log":{"cardsObtained":[],"cardsUpgraded":[],"cardsRemoved":[],"cardsTransformed":[],"relicsObtained":[],"maxHpGained":0,"goldGained":100,"damageTaken":0,"goldLost":0,"maxHpLost":0},"potions_obtained":[{"floor":2.0,"key":"Explosive Potion"},{"floor":3.0,"key":"DuplicationPotion"},{"floor":16.0,"key":"BloodPotion"},{"floor":18.0,"key":"Energy Potion"},{"floor":24.0,"key":"Dexterity Potion"},{"floor":25.0,"key":"BlessingOfTheForge"},{"floor":31.0,"key":"Swift Potion"},{"floor":44.0,"key":"HeartOfIron"},{"floor":45.0,"key":"Block Potion"},{"floor":47.0,"key":"Dexterity Potion"},{"floor":48.0,"key":"Energy Potion"}],"is_trial":false,"path_per_floor":["M","M","M","$","?","R","E","R","T","R","E","M","E","?","R","B",null,"M","M","?","$","?","R","M","E","T","M","$","R","E","M","R","B",null,"M","?","T","M","M","E","R","E","T","M","E","?","M","M","R","B","B",null,"R","$","E","B"],"character_chosen":"IRONCLAD","basemod:card_modifiers":[null,null,null,null,null,null,null,null,null,null,null,null,null,null,null,null,null,null,null,null,null,null,null,null,null,null,null,null,null,null,null,null],"items_purchased":["Whirlwind","Armaments","Dual Wield+1","Armaments+1","Orrery","Shockwave+1","Feel No Pain"],"campfire_rested":0,"item_purchase_floors":[4,4,28,28,54,54,54],"current_hp_per_floor":[67,66,71,71,71,71,52,52,52,52,58,64,56,43,43,26,73,67,73,73,73,73,73,89,76,76,76,76,76,70,50,50,20,72,78,78,78,84,89,84,84,77,77,65,69,69,61,56,56,60,61,82,82,82,44,0],"gold":137,"neow_bonus":"HUNDRED_GOLD","is_prod":false,"is_daily":false,"rewards_skipped":[{"floor":33,"relics":[],"potions":["FearPotion"]},{"floor":35,"relics":[],"potions":["ColorlessPotion"]}],"chose_seed":false,"campfire_upgraded":9,"win_rate":0,"floor_exit_playtime":[172,225,278,315,325,346,461,467,470,478,569,656,770,783,790,861,906,967,1000,1009,1080,1085,1099,1181,1285,1289,1341,1394,1421,1548,1677,1711,1964,2010,2061,2069,2074,2122,2211,2327,2336,2563,2566,2641,2747,2750,2870,2941,3009,3218,3497,3508,3551,3718,3933],"timestamp":1720129060,"blue_key_relic_skipped_log":{"floor":37,"relicID":"Regal Pillow"},"path_taken":["M","M","M","$","?","R","E","R","T","R","E","M","E","?","R","BOSS","M","M","?","$","?","R","?","E","T","M","$","R","E","M","R","BOSS","M","?","?","?","M","E","R","E","T","M","E","?","M","M","R","BOSS","BOSS","R","$","E","BOSS"],"build_version":"2022-12-01","purchased_purges":3,"victory":false,"max_hp_per_floor":[75,75,75,75,75,75,75,75,75,75,75,75,89,89,89,89,89,89,89,89,89,89,89,89,89,89,89,89,89,89,89,89,89,89,89,89,89,89,89,89,89,89,89,89,89,89,89,89,89,89,89,89,89,89,89,89],"relic_stats":{"Dream Catcher":0,"Nunchaku":[5],"counters":[29,120],"Self Forming Clay":[93],"Pantograph":100,"Snecko Eye":[142,140,136,174,-111],"Orichalcum":[150],"obtain_stats":[{"Self Forming Clay":42,"Mango":13,"Incense Burner":55,"Orichalcum":9,"Burning Blood":0,"Mercury Hourglass":11,"SlaversCollar":34,"Dream Catcher":43,"Nunchaku":45,"Pantograph":25,"Snecko Eye":17,"Orrery":54,"Toxic Egg 2":26,"Red Skull":7,"Toy Ornithopter":40,"Meat on the Bone":30},{"Self Forming Clay":21,"Mango":7,"Incense Burner":28,"Orichalcum":4,"Burning Blood":0,"Mercury Hourglass":5,"SlaversCollar":16,"Dream Catcher":21,"Nunchaku":23,"Pantograph":12,"Snecko Eye":8,"Orrery":27,"Toxic Egg 2":12,"Red Skull":4,"Toy Ornithopter":20,"Meat on the Bone":14},{"Self Forming Clay":81,"Mango":27,"Incense Burner":115,"Orichalcum":18,"Burning Blood":0,"Mercury Hourglass":20,"SlaversCollar":64,"Dream Catcher":81,"Nunchaku":88,"Pantograph":46,"Snecko Eye":34,"Orrery":110,"Toxic Egg 2":46,"Red Skull":18,"Toy Ornithopter":75,"Meat on the Bone":52}],"Burning Blood":167,"Toy Ornithopter":25,"Mercury Hourglass":[399],"Meat on the Bone":60},"card_choices":[{"not_picked":["Body Slam","Sword Boomerang"],"picked":"Armaments","floor":1.0},{"not_picked":["Havoc","Warcry"],"picked":"Juggernaut","floor":2.0},{"not_picked":["True Grit","Blood for Blood"],"picked":"Searing Blow","floor":3.0},{"not_picked":["Thunderclap","Hemokinesis","Whirlwind"],"picked":"SKIP","floor":7.0},{"not_picked":["Shrug It Off","Perfected Strike"],"picked":"Flame Barrier","floor":11.0},{"not_picked":["Spot Weakness","Reckless Charge","Heavy Blade"],"picked":"SKIP","floor":12.0},{"not_picked":["Perfected Strike","Shrug It Off"],"picked":"Uppercut","floor":13.0},{"not_picked":["Exhume","Barricade"],"picked":"Immolate","floor":16.0},{"not_picked":["Heavy Blade","Metallicize"],"picked":"Shrug It Off+1","floor":18.0},{"not_picked":["Clash","Pommel Strike"],"picked":"Juggernaut","floor":19.0},{"not_picked":["Clothesline","Pommel Strike"],"picked":"Headbutt","floor":24.0},{"not_picked":["Iron Wave","Headbutt","Pummel"],"picked":"SKIP","floor":25.0},{"not_picked":["Cleave","Wild Strike"],"picked":"Dark Embrace","floor":27.0},{"not_picked":["Sever Soul","Thunderclap","Pummel"],"picked":"SKIP","floor":30.0},{"not_picked":["Metallicize","Sword Boomerang","Bludgeon"],"picked":"SKIP","floor":31.0},{"not_picked":["Limit Break+1","Juggernaut"],"picked":"Corruption","floor":33.0},{"not_picked":["Headbutt+1","Cleave"],"picked":"Flame Barrier+1","floor":35.0},{"not_picked":["Headbutt","Dual Wield+1","Thunderclap"],"picked":"SKIP","floor":38.0},{"not_picked":["Infernal Blade+1","Havoc+1"],"picked":"Feel No Pain","floor":39.0},{"not_picked":["Warcry+1","Anger","Thunderclap"],"picked":"SKIP","floor":40.0},{"not_picked":["Berserk","Cleave"],"picked":"True Grit+1","floor":42.0},{"not_picked":["Thunderclap","Anger"],"picked":"Second Wind+1","floor":44.0},{"not_picked":["Anger","Sever Soul","Reckless Charge"],"picked":"SKIP","floor":45.0},{"not_picked":["Ghostly Armor+1","Heavy Blade"],"picked":"Seeing Red+1","floor":47.0},{"not_picked":["Warcry+1","Pummel","Headbutt"],"picked":"SKIP","floor":48.0},{"not_picked":["Evolve","Thunderclap"],"picked":"Double Tap+1","floor":54.0},{"not_picked":["Flex+1","Carnage"],"picked":"Exhume+1","floor":54.0},{"not_picked":["Heavy Blade","Fire Breathing"],"picked":"True Grit+1","floor":54.0},{"not_picked":["Wild Strike","Anger+1","Warcry+1"],"picked":"SKIP","floor":54.0},{"not_picked":["Body Slam","Blood for Blood","Wild Strike"],"picked":"SKIP","floor":54.0},{"not_picked":["Entrench+1","Clash+1"],"picked":"Second Wind+1","floor":55.0}],"player_experience":208060,"relics_obtained":[{"floor":7.0,"key":"Red Skull"},{"floor":9.0,"key":"Orichalcum"},{"floor":11.0,"key":"Mercury Hourglass"},{"floor":13.0,"key":"Mango"},{"floor":25.0,"key":"Pantograph"},{"floor":26.0,"key":"Toxic Egg 2"},{"floor":30.0,"key":"Meat on the Bone"},{"floor":40.0,"key":"Toy Ornithopter"},{"floor":42.0,"key":"Self Forming Clay"},{"floor":43.0,"key":"Dream Catcher"},{"floor":45.0,"key":"Nunchaku"},{"floor":55.0,"key":"Incense Burner"}],"event_choices":[{"damage_healed":0.0,"max_hp_gain":0.0,"max_hp_loss":0.0,"gold_gain":0.0,"event_name":"Upgrade Shrine","player_choice":"Upgraded","floor":5.0,"gold_loss":0.0,"damage_taken":0.0,"cards_upgraded":["Searing Blow"]},{"damage_healed":0.0,"max_hp_gain":0.0,"max_hp_loss":0.0,"gold_gain":0.0,"event_name":"Wheel of Change","player_choice":"Damaged","floor":14.0,"gold_loss":0.0,"damage_taken":13.0},{"cards_removed":["Defend_R"],"damage_healed":0.0,"max_hp_gain":0.0,"max_hp_loss":0.0,"gold_gain":0.0,"event_name":"Back to Basics","player_choice":"Elegance","floor":20.0,"gold_loss":0.0,"damage_taken":0.0},{"damage_healed":0.0,"max_hp_gain":0.0,"max_hp_loss":0.0,"gold_gain":0.0,"event_name":"Ghosts","player_choice":"Ignored","floor":22.0,"gold_loss":0.0,"damage_taken":0.0},{"cards_removed":["Whirlwind"],"damage_healed":0.0,"max_hp_gain":0.0,"max_hp_loss":0.0,"gold_gain":0.0,"event_name":"Falling","player_choice":"Removed Attack","floor":36.0,"gold_loss":0.0,"damage_taken":0.0},{"damage_healed":0.0,"max_hp_gain":0.0,"max_hp_loss":0.0,"gold_gain":0.0,"event_name":"Tomb of Lord Red Mask","player_choice":"Ignored","floor":46.0,"gold_loss":0.0,"damage_taken":0.0}],"is_beta":false,"boss_relics":[{"not_picked":["Fusion Hammer","Busted Crown"],"picked":"Snecko Eye"},{"not_picked":["Philosopher\u0027s Stone","Sozu"],"picked":"SlaversCollar"}],"items_purged_floors":[4,21,28],"is_endless":false,"potions_floor_spawned":[2,3,16,18,24,25,31,33,35,44,45,47,48],"killed_by":"The Heart","ascension_level":20,"potion_discard_per_floor":[[],[],[],[],[],[],[],[],[],[],[],[],[],[],[],[],[],[],[],[],[],[],[],[],[],[],[],[],[],[],["Dexterity Potion"],[],[],[],[],[],[],[],[],[],[],[],[],[],[],[],[],[],[],[],[],[],[],[],[],[]]}