{"neow_bonuses_skipped_log":["ONE_RANDOM_RARE_CARD","RANDOM_COMMON_RELIC","TRANSFORM_TWO_CARDS"],"potions_obtained_entropic_brew":[[],[],[],[],[],[],[],[],[],[],[],[],[],[],[],[],[],[],[],[],[],[],[],[],[],[],[],[],[],[],[],[],[]],"neow_costs_skipped_log":["NONE","NONE","NO_GOLD"],"gold_per_floor":[115,134,149,161,173,173,202,222,222,222,234,234,234,263,263,338,338,351,351,351,351,401,401,436,166,166,2,2,32,46,46,46,46],"floor_reached":33,"playtime":1486,"items_purged":["Strike_R","Defend_R"],"score":611,"play_id":"e119932d-940e-4a55-97fb-0ff031306494","local_time":"20240712134444","score_breakdown":["Floors Climbed (33): 165","Enemies Slain (9): 18","Exordium Elites Killed (2): 20","City Elites Killed (2): 40","Bosses Slain (1): 50","Well Fed: 25","Ascension (20): 293"],"is_ascension_mode":true,"potions_obtained_alchemize":[[],[],[],[],[],[],[],[],[],[],[],[],[],[],[],[],[],[],[],[],[],[],[],[],[],[],[],[],[],[],[],[],[]],"campfire_choices":[{"data":"Perfected Strike","floor":6.0,"key":"SMITH"},{"data":"Pommel Strike","floor":10.0,"key":"SMITH"},{"data":"Immolate","floor":13.0,"key":"SMITH"},{"floor":15.0,"key":"REST"},{"floor":23.0,"key":"REST"},{"data":"Uppercut","floor":28,"key":"SMITH"},{"data":"Burning Pact","floor":32,"key":"SMITH"}],"lesson_learned_per_floor":[[],[],[],[],[],[],[],[],[],[],[],[],[],[],[],[],[],[],[],[],[],[],[],[],[],[],[],[],[],[],[],[],[]],"neow_cost":"NONE","improvable_cards":{},"seed_source_timestamp":384092135738125,"shop_contents":[{"floor":25,"relics":["Vajra","Orichalcum"],"cards":["Clash","Carnage","Warcry","Flex","Combust","Madness","Violence"],"potions":["Weak Potion","Dexterity Potion"]},{"floor":27,"relics":["Unceasing Top","Blood Vial","PrismaticShard"],"cards":["Hemokinesis","Thunderclap","Havoc","Impervious","Demon Form","Madness","Secret Weapon"],"potions":["Weak Potion","LiquidBronze"]},{"floor":31,"relics":["Ancient Tea Set","Akabeko","HandDrill"],"cards":["Thunderclap","Whirlwind","Dual Wield","Flex","Feel No Pain","Good Instincts","Apotheosis"],"potions":["Fire Potion","Block Potion","HeartOfIron"]}],"circlet_count":0,"master_deck":["AscendersBane","Strike_R","Strike_R","Defend_R","Defend_R","Defend_R+1","Bash","Anger","Cleave","Perfected Strike+1","Metallicize","Impervious+1","Pommel Strike+1","Burning Pact+1","Immolate+1","Offering","Impervious+1","Entrench","Uppercut+1","Sentinel+1","Disarm","Disarm+1"],"special_seed":0,"potion_use_per_floor":[[],[],[],[],[],[],["Ancient Potion"],[],[],[],[],[],[],["SteroidPotion"],[],["Weak Potion"],[],[],[],[],[],[],[],[],[],[],[],[],[],["BloodPotion"],[],[],["SteroidPotion","HeartOfIron"]],"relics":["Philosopher\u0027s Stone","Boot","Smiling Mask","War Paint","SacredBark","Pear","Lee\u0027s Waffle","Mummified Hand","Question Card"],"potions_floor_usage":[30,33,33],"damage_taken":[{"damage":5.0,"enemies":"2 Louse","floor":1.0,"turns":3.0},{"damage":3.0,"enemies":"Jaw Worm","floor":2.0,"turns":3.0},{"damage":0.0,"enemies":"Small Slimes","floor":3.0,"turns":2.0},{"damage":14.0,"enemies":"Blue Slaver","floor":4.0,"turns":3.0},{"damage":0.0,"enemies":"2 Fungi Beasts","floor":5.0,"turns":2.0},{"damage":24.0,"enemies":"Gremlin Nob","floor":7.0,"turns":4.0},{"damage":2.0,"enemies":"Looter","floor":8.0,"turns":3.0},{"damage":0.0,"enemies":"3 Louse","floor":11.0,"turns":2.0},{"damage":11.0,"enemies":"3 Sentries","floor":14.0,"turns":3.0},{"damage":25.0,"enemies":"Hexaghost","floor":16.0,"turns":7.0},{"damage":10.0,"enemies":"Spheric Guardian","floor":18.0,"turns":4.0},{"damage":29,"enemies":"Slavers","floor":24,"turns":4},{"damage":9,"enemies":"Gremlin Leader","floor":29,"turns":5},{"damage":8,"enemies":"Chosen","floor":30,"turns":3},{"damage":114,"enemies":"Collector","floor":33,"turns":8}],"green_key_taken_log":7,"seed_played":"5451778198962780552","neow_bonus_log":{"cardsObtained":[],"cardsUpgraded":[],"cardsRemoved":[],"cardsTransformed":[],"relicsObtained":["Philosopher\u0027s Stone"],"maxHpGained":0,"goldGained":0,"damageTaken":0,"goldLost":0,"maxHpLost":0},"potions_obtained":[{"floor":4.0,"key":"Ancient Potion"},{"floor":5.0,"key":"SmokeBomb"},{"floor":8.0,"key":"SteroidPotion"},{"floor":11.0,"key":"Weak Potion"},{"floor":30,"key":"SteroidPotion"}],"is_trial":false,"path_per_floor":["M","M","M","M","M","R","E","M","T","R","M","?","R","E","R","B",null,"M","?","?","?","?","R","E","$","T","$","R","E","M","$","R","B"],"character_chosen":"IRONCLAD","basemod:card_modifiers":[null,null,null,null,null,null,null,null,null,null,null,null,null,null,null,null,null,null,null,null,null,null],"items_purchased":["Lee\u0027s Waffle","BloodPotion","HeartOfIron"],"campfire_rested":2,"item_purchase_floors":[25,25,27],"current_hp_per_floor":[63,60,60,46,46,46,22,20,20,20,20,20,20,9,31,6,58,48,48,48,27,27,51,32,97,97,97,97,88,97,97,97,0],"gold":46,"neow_bonus":"BOSS_RELIC","is_prod":false,"is_daily":false,"rewards_skipped":[],"chose_seed":false,"campfire_upgraded":5,"win_rate":0,"floor_exit_playtime":[197,220,246,280,310,339,373,407,413,444,507,527,575,640,646,767,805,859,963,984,988,992,996,1063,1106,1113,1139,1159,1224,1260,1268,1284],"timestamp":1720806284,"path_taken":["M","M","M","M","M","R","E","M","T","R","M","?","R","E","R","BOSS","M","?","?","?","?","R","E","$","T","$","R","E","M","?","R","BOSS"],"build_version":"2022-12-01","purchased_purges":2,"victory":false,"max_hp_per_floor":[75,75,75,75,75,75,75,75,75,75,75,75,75,75,75,75,75,75,75,75,80,80,80,90,97,97,97,97,97,97,97,97,97],"relic_stats":{"Lee\u0027s Waffle":65,"counters":[15,56],"Mummified Hand":[2],"War Paint":["Defend_R","Impervious"],"Boot":[1],"Smiling Mask":75,"Question Card":1,"obtain_stats":[{"Lee\u0027s Waffle":25,"Pear":24,"Mummified Hand":26,"SacredBark":17,"Philosopher\u0027s Stone":0,"War Paint":14,"Boot":7,"Smiling Mask":9,"Question Card":29,"Burning Blood":0},{"Lee\u0027s Waffle":12,"Pear":12,"Mummified Hand":12,"SacredBark":10,"Philosopher\u0027s Stone":0,"War Paint":9,"Boot":6,"Smiling Mask":7,"Question Card":13,"Burning Blood":0},{"Lee\u0027s Waffle":40,"Pear":40,"Mummified Hand":40,"SacredBark":32,"Philosopher\u0027s Stone":0,"War Paint":25,"Boot":17,"Smiling Mask":20,"Question Card":45,"Burning Blood":0}]},"card_choices":[{"not_picked":["Perfected Strike","Shrug It Off"],"picked":"Anger","floor":1.0},{"not_picked":["Sentinel","Twin Strike"],"picked":"Cleave","floor":2.0},{"not_picked":["Bloodletting","Entrench"],"picked":"Perfected Strike","floor":3.0},{"not_picked":["Thunderclap","Headbutt"],"picked":"Metallicize","floor":4.0},{"not_picked":["Clothesline","Second Wind"],"picked":"Impervious","floor":5.0},{"not_picked":["Havoc","Heavy Blade"],"picked":"Pommel Strike","floor":7.0},{"not_picked":["Power Through","Infernal Blade"],"picked":"Burning Pact","floor":8.0},{"not_picked":["Anger","Hemokinesis","Entrench"],"picked":"SKIP","floor":11.0},{"not_picked":["Wild Strike","Bloodletting","Iron Wave"],"picked":"SKIP","floor":14.0},{"not_picked":["Berserk","Reaper"],"picked":"Offering","floor":16.0},{"not_picked":["Havoc","Wild Strike","Sword Boomerang+1"],"picked":"SKIP","floor":18.0},{"not_picked":["Armaments+1","Clash"],"picked":"Sentinel+1","floor":24},{"not_picked":["Infernal Blade","Havoc"],"picked":"Disarm","floor":29},{"not_picked":["Juggernaut","True Grit","Body Slam"],"picked":"Disarm+1","floor":30}],"player_experience":217534,"relics_obtained":[{"floor":7.0,"key":"Boot"},{"floor":9.0,"key":"Smiling Mask"},{"floor":14.0,"key":"War Paint"},{"floor":24,"key":"Pear"},{"floor":26,"key":"Mummified Hand"},{"floor":29,"key":"Question Card"}],"event_choices":[{"damage_healed":0.0,"max_hp_gain":0.0,"max_hp_loss":0.0,"gold_gain":0.0,"event_name":"Match and Keep!","player_choice":"1 cards matched","floor":12.0,"gold_loss":0.0,"damage_taken":0.0,"cards_obtained":["Immolate"]},{"damage_healed":0.0,"max_hp_gain":0.0,"max_hp_loss":0.0,"gold_gain":0.0,"event_name":"Duplicator","player_choice":"Copied","floor":19.0,"gold_loss":0.0,"damage_taken":0.0,"cards_obtained":["Impervious"]},{"damage_healed":0.0,"max_hp_gain":0.0,"max_hp_loss":0.0,"gold_gain":0.0,"cards_transformed":["Strike_R","Strike_R"],"event_name":"Drug Dealer","player_choice":"Became Test Subject","floor":20.0,"gold_loss":0.0,"damage_taken":0.0,"cards_obtained":["Entrench","Uppercut"]},{"damage_healed":0.0,"max_hp_gain":5.0,"max_hp_loss":0.0,"gold_gain":0.0,"event_name":"Forgotten Altar","player_choice":"Shed Blood","floor":21.0,"gold_loss":0.0,"damage_taken":26.0},{"damage_healed":0.0,"max_hp_gain":0.0,"max_hp_loss":0.0,"gold_gain":50.0,"event_name":"Nest","player_choice":"Stole From Cult","floor":22.0,"gold_loss":0.0,"damage_taken":0.0}],"is_beta":false,"boss_relics":[{"not_picked":["Tiny House","SlaversCollar"],"picked":"SacredBark"}],"items_purged_floors":[25,27],"is_endless":false,"potions_floor_spawned":[4,5,8,11,30],"killed_by":"Collector","ascension_level":20,"potion_discard_per_floor":[[],[],[],[],[],[],[],[],[],[],["SmokeBomb"],[],[],[],[],[],[],[],[],[],[],[],[],[],[],[],[],[],[],[],[],[],[]]}