{"neow_bonuses_skipped_log":["UPGRADE_CARD","HUNDRED_GOLD","BOSS_RELIC"],"potions_obtained_entropic_brew":[[],[],[],[],[],[],[],[],[],[],[],[],[],[],[],[],[],[],[],[],[],[],[],[],[],[],[],[],[],[],[],[],[],[],[],[],[],[],[],[],[],[],[],[],[],["SteroidPotion"],[],[],[],[],[]],"neow_costs_skipped_log":["NONE","NONE","NONE"],"gold_per_floor":[118,129,148,66,141,174,174,206,279,296,326,326,326,336,336,436,436,452,462,104,19,31,65,65,97,97,129,209,228,72,88,88,189,189,200,220,240,290,290,310,96,112,112,141,196,212,226,237,237,237],"floor_reached":51,"playtime":3383,"items_purged":["Strike_R"],"score":1036,"play_id":"95e22126-4203-4c0f-bee2-450be0863ade","local_time":"20240704202223","falling_options_log":["Strike_R","Dark Embrace+1"],"score_breakdown":["Floors Climbed (51): 255","Enemies Slain (18): 36","Exordium Elites Killed (3): 30","City Elites Killed (3): 60","Beyond Elites Killed (1): 30","Bosses Slain (3): 300","Speedster: 25","Money Money (1093): 25","Librarian: 25","Champion (1): 25","Beyond Perfect: 200","Overkill: 25"],"is_ascension_mode":false,"potions_obtained_alchemize":[[],[],[],[],[],[],[],[],[],[],[],[],[],[],[],[],[],[],[],[],[],[],[],[],[],[],[],[],[],[],[],[],[],[],[],[],[],[],[],[],[],[],[],[],[],[],[],[],[],[],[]],"campfire_choices":[{"data":"Apotheosis","floor":7.0,"key":"SMITH"},{"data":"Inflame","floor":12.0,"key":"SMITH"},{"data":"Pommel Strike","floor":15.0,"key":"SMITH"},{"data":"Dark Embrace","floor":32.0,"key":"SMITH"},{"floor":49,"key":"REST"}],"lesson_learned_per_floor":[[],[],[],[],[],[],[],[],[],[],[],[],[],[],[],[],[],[],[],[],[],[],[],[],[],[],[],[],[],[],[],[],[],[],[],[],[],[],[],[],[],[],[],[],[],[],[],[],[],[],[]],"neow_cost":"PERCENT_DAMAGE","improvable_cards":{},"seed_source_timestamp":0,"shop_contents":[{"floor":4,"relics":["Juzu Bracelet","CeramicFish","Toolbox"],"cards":["Blood for Blood","Dropkick","Disarm","Offering","Good Instincts","Secret Technique"],"potions":["DuplicationPotion","SkillPotion"]},{"floor":20,"relics":["Anchor","Letter Opener","HandDrill"],"cards":["Thunderclap","Havoc","Fire Breathing","Impatience"],"potions":["Block Potion","DuplicationPotion","SkillPotion"]},{"floor":30,"relics":["Darkstone Periapt","Self Forming Clay"],"cards":["Wild Strike","Thunderclap","Havoc","Shockwave","Fire Breathing","Good Instincts","Violence"],"potions":["SneckoOil","AttackPotion","PowerPotion"]},{"floor":41,"relics":["Ice Cream","TungstenRod"],"cards":["Pummel","Shockwave","Exhume","Metallicize","Dramatic Entrance","Transmutation"],"potions":["Weak Potion","Ancient Potion","FairyPotion"]}],"circlet_count":0,"master_deck":["Strike_R","Strike_R","Strike_R","Strike_R","Defend_R","Defend_R","Defend_R","Bash","Apotheosis+1","Cleave","Anger","Twin Strike","Inflame+1","Carnage","Second Wind","Dark Embrace+1","Headbutt","Pommel Strike+1","Offering","Dark Embrace","Sentinel","Spot Weakness","Whirlwind","Master of Strategy","Intimidate","Heavy Blade","Shockwave","Disarm","Intimidate","Barricade","Heavy Blade+1","True Grit+1","Fiend Fire","Flame Barrier+1","Immolate","Heavy Blade","Power Through+1"],"special_seed":0,"potion_use_per_floor":[[],[],[],[],[],[],[],["FearPotion"],[],[],[],[],[],[],[],[],[],[],["HeartOfIron"],[],[],[],["HeartOfIron"],[],[],[],[],[],[],[],[],[],[],[],[],[],["SteroidPotion"],[],[],[],[],[],[],[],[],["EntropicBrew"],[],[],[],["SpeedPotion","SteroidPotion"],[]],"relics":["Burning Blood","Bottled Lightning","Mummified Hand","PreservedInsect","Runic Pyramid","Paper Frog","Meat on the Bone","Red Skull","Sundial","Eternal Feather","HornCleat","Brimstone","Mark of Pain","Turnip","OrangePellets","Boot","Frozen Egg 2","Happy Flower"],"potions_floor_usage":[37,46,50,50],"damage_taken":[{"damage":0.0,"enemies":"Cultist","floor":1.0,"turns":4.0},{"damage":0.0,"enemies":"2 Louse","floor":2.0,"turns":2.0},{"damage":7.0,"enemies":"Small Slimes","floor":3.0,"turns":3.0},{"damage":10.0,"enemies":"Lagavulin","floor":6.0,"turns":4.0},{"damage":0.0,"enemies":"Gremlin Nob","floor":8.0,"turns":2.0},{"damage":1.0,"enemies":"3 Louse","floor":10.0,"turns":3.0},{"damage":10.0,"enemies":"3 Sentries","floor":11.0,"turns":5.0},{"damage":5.0,"enemies":"Red Slaver","floor":14.0,"turns":2.0},{"damage":0.0,"enemies":"Slime Boss","floor":16.0,"turns":5.0},{"damage":19.0,"enemies":"3 Byrds","floor":18.0,"turns":4.0},{"damage":6.0,"enemies":"2 Thieves","floor":19.0,"turns":4.0},{"damage":6.0,"enemies":"Centurion and Healer","floor":22.0,"turns":3.0},{"damage":21.0,"enemies":"Slavers","floor":23.0,"turns":3.0},{"damage":20.0,"enemies":"Gremlin Leader","floor":25.0,"turns":4.0},{"damage":17.0,"enemies":"Slavers","floor":27.0,"turns":4.0},{"damage":8.0,"enemies":"Cultist and Chosen","floor":29.0,"turns":6.0},{"damage":0.0,"enemies":"Snecko","floor":31.0,"turns":3.0},{"damage":6.0,"enemies":"Champ","floor":33.0,"turns":5.0},{"damage":8,"enemies":"3 Shapes","floor":35,"turns":4},{"damage":16,"enemies":"Orb Walker","floor":36,"turns":2},{"damage":0,"enemies":"Jaw Worm Horde","floor":37,"turns":1},{"damage":0,"enemies":"Mind Bloom Boss Battle","floor":38,"turns":4},{"damage":27,"enemies":"3 Darklings","floor":40,"turns":4},{"damage":21,"enemies":"Spire Growth","floor":42,"turns":3},{"damage":33,"enemies":"Reptomancer","floor":44,"turns":3},{"damage":33,"enemies":"Writhing Mass","floor":46,"turns":2},{"damage":0,"enemies":"Maw","floor":47,"turns":4},{"damage":6,"enemies":"Spire Growth","floor":48,"turns":2},{"damage":6,"enemies":"Donu and Deca","floor":50,"turns":4}],"green_key_taken_log":25,"seed_played":"-7608208080758752108","neow_bonus_log":{"cardsObtained":[],"cardsUpgraded":[],"cardsRemoved":[],"cardsTransformed":[],"relicsObtained":[],"maxHpGained":0,"goldGained":0,"damageTaken":24,"goldLost":0,"maxHpLost":0},"potions_obtained":[{"floor":6.0,"key":"FearPotion"},{"floor":8.0,"key":"HeartOfIron"},{"floor":11.0,"key":"ElixirPotion"},{"floor":14.0,"key":"HeartOfIron"},{"floor":23.0,"key":"Dexterity Potion"},{"floor":29.0,"key":"EntropicBrew"},{"floor":33.0,"key":"LiquidMemories"},{"floor":38,"key":"BlessingOfTheForge"},{"floor":42,"key":"SpeedPotion"}],"is_trial":false,"path_per_floor":["M","M","M","$","?","E","R","E","T","M","E","R","?","M","R","B",null,"M","M","$","?","M","E","?","E","T","E","T","M","$","M","R","B",null,"M","M","M","?","?","M","$","M","T","E","T","M","M","M","R","B",null],"character_chosen":"IRONCLAD","basemod:card_modifiers":[null,null,null,null,null,null,null,null,null,null,null,null,null,null,null,null,null,null,null,null,null,null,null,null,null,null,null,null,null,null,null,null,null,null,null,null,null],"items_purchased":["Inflame","SteroidPotion","Spot Weakness","Whirlwind","Master of Strategy","Brimstone","OrangePellets","Fiend Fire"],"campfire_rested":1,"item_purchase_floors":[4,4,20,20,20,30,41,41],"current_hp_per_floor":[62,68,67,67,56,52,52,58,58,63,59,59,59,60,60,66,80,67,67,67,67,67,52,52,50,50,51,51,49,49,55,73,73,80,78,68,74,80,80,59,59,56,56,41,41,26,44,56,80,80],"gold":237,"neow_bonus":"RANDOM_COLORLESS_2","is_prod":false,"is_daily":false,"rewards_skipped":[{"floor":8,"relics":["Bottled Tornado"],"potions":[]},{"floor":18,"relics":[],"potions":["SpeedPotion"]},{"floor":44,"relics":[],"potions":["CultistPotion"]},{"floor":46,"relics":[],"potions":["Fire Potion"]}],"chose_seed":false,"campfire_upgraded":4,"win_rate":0,"floor_exit_playtime":[60,85,126,138,144,197,203,981,985,1028,1097,1108,1115,1148,1161,1294,1337,1425,1510,1572,1577,1664,1782,1791,1918,1921,2043,2049,2156,2173,2244,2266,2398,2421,2509,2562,2597,2693,2699,2851,2886,2950,2962,3070,3073,3120,3195,3246,3256,3383],"timestamp":1720138943,"path_taken":["M","M","M","$","?","E","R","E","T","M","E","R","?","M","R","BOSS","M","M","$","?","M","E","?","E","T","E","?","M","?","M","R","BOSS","M","M","M","?","?","?","$","M","T","E","?","M","?","M","R","BOSS"],"build_version":"2022-12-01","purchased_purges":1,"victory":true,"max_hp_per_floor":[80,80,80,80,80,80,80,80,80,80,80,80,80,80,80,80,80,80,80,80,80,80,80,80,80,80,80,80,80,80,80,80,80,80,80,80,80,80,80,80,80,80,80,80,80,80,80,80,80,80],"relic_stats":{"Happy Flower":[4],"counters":[29,99],"Eternal Feather":39,"PreservedInsect":178,"Boot":[0],"Burning Blood":174,"OrangePellets":[4],"Mummified Hand":[53],"Sundial":[0],"Turnip":[3],"Bottled Lightning":"Apotheosis","obtain_stats":[{"Happy Flower":45,"Eternal Feather":27,"PreservedInsect":11,"Frozen Egg 2":44,"Boot":43,"Burning Blood":0,"OrangePellets":41,"HornCleat":28,"Mummified Hand":9,"Sundial":26,"Brimstone":30,"Mark of Pain":34,"Turnip":38,"Bottled Lightning":6,"Red Skull":25,"Runic Pyramid":17,"Paper Frog":21,"Meat on the Bone":23},{"Happy Flower":25,"Eternal Feather":15,"PreservedInsect":7,"Frozen Egg 2":25,"Boot":24,"Burning Blood":0,"OrangePellets":23,"HornCleat":15,"Mummified Hand":5,"Sundial":14,"Brimstone":16,"Mark of Pain":18,"Turnip":22,"Bottled Lightning":4,"Red Skull":14,"Runic Pyramid":9,"Paper Frog":11,"Meat on the Bone":13},{"Happy Flower":87,"Eternal Feather":52,"PreservedInsect":23,"Frozen Egg 2":87,"Boot":84,"Burning Blood":0,"OrangePellets":81,"HornCleat":52,"Mummified Hand":15,"Sundial":48,"Brimstone":58,"Mark of Pain":66,"Turnip":77,"Bottled Lightning":13,"Red Skull":48,"Runic Pyramid":30,"Paper Frog":38,"Meat on the Bone":44}],"Meat on the Bone":84},"card_choices":[{"not_picked":["Chrysalis","Magnetism"],"picked":"Apotheosis","floor":0.0},{"not_picked":["Headbutt","True Grit"],"picked":"Cleave","floor":1.0},{"not_picked":["Cleave","Pummel"],"picked":"Anger","floor":2.0},{"not_picked":["Sentinel","Rampage"],"picked":"Twin Strike","floor":3.0},{"not_picked":["Cleave","Searing Blow"],"picked":"Carnage","floor":6.0},{"not_picked":["Havoc","Limit Break"],"picked":"Second Wind","floor":8.0},{"not_picked":["Battle Trance","Metallicize"],"picked":"Dark Embrace","floor":10.0},{"not_picked":["Clash","Metallicize"],"picked":"Headbutt","floor":11.0},{"not_picked":["Uppercut","Cleave"],"picked":"Pommel Strike","floor":14.0},{"not_picked":["Barricade","Corruption"],"picked":"Offering","floor":16.0},{"not_picked":["Iron Wave","Dual Wield"],"picked":"Dark Embrace","floor":18.0},{"not_picked":["Heavy Blade","Fire Breathing"],"picked":"Sentinel","floor":19.0},{"not_picked":["Twin Strike","Clash"],"picked":"Intimidate","floor":22.0},{"not_picked":["Dropkick+1","Havoc"],"picked":"Heavy Blade","floor":23.0},{"not_picked":["Anger","Reaper"],"picked":"Shockwave","floor":25.0},{"not_picked":["Sword Boomerang","Flex"],"picked":"Disarm","floor":27.0},{"not_picked":["Rupture","Headbutt+1","Anger"],"picked":"SKIP","floor":29.0},{"not_picked":["Thunderclap+1","Dropkick","Intimidate"],"picked":"SKIP","floor":31.0},{"not_picked":["Thunderclap+1","Dropkick"],"picked":"Intimidate","floor":31.0},{"not_picked":["Brutality","Bludgeon"],"picked":"Barricade","floor":33.0},{"not_picked":["Twin Strike+1","Thunderclap+1","Metallicize"],"picked":"SKIP","floor":35},{"not_picked":["Anger","Headbutt","Clothesline"],"picked":"SKIP","floor":36},{"not_picked":["Anger+1","Headbutt+1"],"picked":"Heavy Blade+1","floor":37},{"not_picked":["Body Slam","Iron Wave+1"],"picked":"True Grit+1","floor":38},{"not_picked":["Ghostly Armor+1","Headbutt+1","Clothesline+1"],"picked":"SKIP","floor":40},{"not_picked":["Headbutt","Blood for Blood+1"],"picked":"Flame Barrier+1","floor":42},{"not_picked":["Cleave","Havoc+1"],"picked":"Immolate","floor":44},{"not_picked":["Rupture+1","Sword Boomerang"],"picked":"Heavy Blade","floor":46},{"not_picked":["Spot Weakness+1","Flex","Heavy Blade+1"],"picked":"SKIP","floor":47},{"not_picked":["Pommel Strike","Hemokinesis"],"picked":"Power Through+1","floor":48}],"player_experience":212167,"relics_obtained":[{"floor":6.0,"key":"Bottled Lightning"},{"floor":9.0,"key":"Mummified Hand"},{"floor":11.0,"key":"PreservedInsect"},{"floor":23.0,"key":"Meat on the Bone"},{"floor":25.0,"key":"Red Skull"},{"floor":26.0,"key":"Sundial"},{"floor":27.0,"key":"Eternal Feather"},{"floor":28.0,"key":"HornCleat"},{"floor":38,"key":"Turnip"},{"floor":43,"key":"Boot"},{"floor":44,"key":"Frozen Egg 2"},{"floor":45,"key":"Happy Flower"}],"event_choices":[{"damage_healed":0.0,"max_hp_gain":0.0,"max_hp_loss":0.0,"gold_gain":75.0,"event_name":"World of Goop","player_choice":"Gather Gold","floor":5.0,"gold_loss":0.0,"damage_taken":11.0},{"damage_healed":0.0,"max_hp_gain":0.0,"max_hp_loss":0.0,"gold_gain":0.0,"event_name":"Shining Light","player_choice":"Ignored","floor":13.0,"gold_loss":0.0,"damage_taken":0.0},{"damage_healed":0.0,"max_hp_gain":0.0,"max_hp_loss":0.0,"gold_gain":0.0,"event_name":"Addict","player_choice":"Obtained Relic","floor":21.0,"gold_loss":85.0,"damage_taken":0.0,"relics_obtained":["Paper Frog"]},{"damage_healed":0.0,"max_hp_gain":0.0,"max_hp_loss":0.0,"gold_gain":0.0,"event_name":"The Mausoleum","player_choice":"Ignored","floor":24.0,"gold_loss":0.0,"damage_taken":0.0},{"damage_healed":0,"gold_gain":0,"player_choice":"Fight","damage_taken":0,"max_hp_gain":0,"max_hp_loss":0,"event_name":"MindBloom","floor":38,"gold_loss":0},{"cards_removed":["Defend_R"],"damage_healed":0,"gold_gain":0,"player_choice":"Removed Skill","damage_taken":0,"max_hp_gain":0,"max_hp_loss":0,"event_name":"Falling","floor":39,"gold_loss":0}],"is_beta":false,"boss_relics":[{"not_picked":["Calling Bell","Ectoplasm"],"picked":"Runic Pyramid"},{"not_picked":["Busted Crown","Runic Cube"],"picked":"Mark of Pain"}],"items_purged_floors":[20],"is_endless":false,"potions_floor_spawned":[6,8,11,14,18,23,29,33,38,42,44,46],"ascension_level":0,"potion_discard_per_floor":[[],[],[],[],[],[],[],[],[],[],[],[],[],["ElixirPotion"],[],[],[],[],[],[],[],[],[],[],[],[],[],[],[],[],[],[],["Dexterity Potion"],[],[],[],[],[],[],[],[],["BlessingOfTheForge"],[],[],[],[],[],[],[],[],[]]}