{"neow_bonuses_skipped_log":["REMOVE_CARD","THREE_SMALL_POTIONS","TRANSFORM_TWO_CARDS"],"neow_costs_skipped_log":["NONE","NONE","TEN_PERCENT_HP_LOSS"],"potions_obtained_entropic_brew":[[],[],[],[],[],[],[],[],[],[],[],[],[],[],[],[],[],[],[],[],[],[],[],[],[],[],[],[],[],[],[],[],[],[],[],[],[],[],[],[],[],[],[],[],[],[],[],[],[],[],[],[],[],[],[],[],[]],"gold_per_floor":[117,133,144,160,172,204,204,16,43,43,74,74,100,25,25,103,103,79,98,132,157,172,172,192,192,192,192,117,144,144,174,174,246,246,256,267,280,5,305,334,334,365,365,365,713,728,728,278,278,278,278,278,278,50,81,81],"floor_reached":57,"playtime":8407,"items_purged":["Regret","Bash","Inflame"],"score":2807,"play_id":"f8476787-5fd4-469c-80de-6727186ca3d5","local_time":"20240714135120","score_breakdown":["Floors Climbed (57): 285","Enemies Slain (13): 26","Exordium Elites Killed (3): 30","City Elites Killed (2): 40","Beyond Elites Killed (2): 60","Bosses Slain (5): 750","Money Money (1333): 25","Champion (3): 75","Ascension (20): 1266","Heartbreaker: 250"],"is_ascension_mode":true,"potions_obtained_alchemize":[[],[],[],[],[],[],[],[],[],[],[],[],[],[],[],[],[],[],[],[],[],[],[],[],[],[],[],[],[],[],[],[],[],[],[],[],[],[],[],[],[],[],[],[],[],[],[],[],[],[],[],[],[],[],[],[],[]],"campfire_choices":[{"floor":7.0,"key":"REST"},{"data":"Uppercut","floor":10.0,"key":"SMITH"},{"floor":12.0,"key":"REST"},{"data":"True Grit","floor":15.0,"key":"SMITH"},{"data":"Dark Embrace","floor":23.0,"key":"SMITH"},{"data":"Whirlwind","floor":25.0,"key":"SMITH"},{"floor":27.0,"key":"REST"},{"floor":30.0,"key":"REST"},{"data":"Power Through","floor":32.0,"key":"SMITH"},{"floor":41.0,"key":"REST"},{"data":"Evolve","floor":44,"key":"SMITH"},{"data":"Disarm","floor":47,"key":"SMITH"},{"floor":49,"key":"RECALL"},{"data":"Feel No Pain","floor":53,"key":"SMITH"}],"lesson_learned_per_floor":[[],[],[],[],[],[],[],[],[],[],[],[],[],[],[],[],[],[],[],[],[],[],[],[],[],[],[],[],[],[],[],[],[],[],[],[],[],[],[],[],[],[],[],[],[],[],[],[],[],[],[],[],[],[],[],[],[]],"neow_cost":"NONE","improvable_cards":{},"seed_source_timestamp":0,"shop_contents":[{"floor":8,"relics":["Ginger","Meat on the Bone","PrismaticShard"],"cards":["Thunderclap","Rage","Havoc","Blind","Thinking Ahead"],"potions":["FearPotion","LiquidBronze"]},{"floor":14,"relics":["Paper Frog","War Paint","Lee\u0027s Waffle"],"cards":["Cleave","Reckless Charge","Entrench","Shrug It Off","Combust","Jack Of All Trades","Magnetism"],"potions":["EssenceOfSteel","Ancient Potion","Strength Potion"]},{"floor":38,"relics":["Matryoshka","Toy Ornithopter","Frozen Eye"],"cards":["Iron Wave","Wild Strike","Warcry","Fire Breathing","The Bomb"],"potions":["LiquidMemories","Swift Potion","ElixirPotion"]},{"floor":48,"relics":["Molten Egg 2","Omamori"],"cards":["Perfected Strike","Reckless Charge","Armaments","Metallicize","Swift Strike","Panache"],"potions":["SneckoOil"]},{"floor":54,"relics":["Pocketwatch","DollysMirror"],"cards":["Sword Boomerang","Wild Strike","Armaments","Fire Breathing","Good Instincts","Transmutation"],"potions":["Block Potion","PowerPotion","FearPotion"]}],"circlet_count":0,"master_deck":["AscendersBane","True Grit+1","Uppercut+1","Evolve+1","Feel No Pain+1","Juggernaut","Dark Embrace+1","Twin Strike","Sever Soul","Fiend Fire","Shrug It Off","Demon Form","Power Through+1","Whirlwind+1","Offering","Second Wind","Disarm+1","Wild Strike","Seeing Red","Bloodletting","Blood for Blood","Offering","Uppercut","Berserk","Disarm","PanicButton","Shrug It Off","Flame Barrier","Reaper","Flame Barrier","Shrug It Off"],"special_seed":0,"potion_use_per_floor":[[],[],[],[],[],["Dexterity Potion"],[],[],[],[],["Dexterity Potion"],[],[],[],[],["SkillPotion"],[],["Dexterity Potion"],[],["PowerPotion"],[],[],[],[],[],[],[],[],["SteroidPotion","FairyPotion"],[],["Block Potion"],[],[],[],[],["Explosive Potion"],[],[],[],[],[],[],[],[],["SneckoOil"],["Regen Potion"],[],[],[],[],[],[],[],[],["SteroidPotion"],["PowerPotion"],[]],"relics":["Cursed Key","Nunchaku","Blood Vial","PreservedInsect","Shovel","Lantern","Runic Pyramid","Red Mask","Bag of Marbles","Pandora\u0027s Box","Darkstone Periapt","Turnip","Old Coin","ClockworkSouvenir","Bag of Preparation","Orichalcum"],"potions_floor_usage":[45,46,55,56],"damage_taken":[{"damage":0.0,"enemies":"Cultist","floor":1.0,"turns":3.0},{"damage":2.0,"enemies":"2 Louse","floor":2.0,"turns":3.0},{"damage":3.0,"enemies":"Small Slimes","floor":3.0,"turns":3.0},{"damage":1.0,"enemies":"2 Fungi Beasts","floor":4.0,"turns":3.0},{"damage":6.0,"enemies":"3 Louse","floor":5.0,"turns":5.0},{"damage":55.0,"enemies":"Gremlin Nob","floor":6.0,"turns":5.0},{"damage":21.0,"enemies":"3 Sentries","floor":11.0,"turns":5.0},{"damage":17.0,"enemies":"Lagavulin","floor":13.0,"turns":6.0},{"damage":11.0,"enemies":"Hexaghost","floor":16.0,"turns":9.0},{"damage":12.0,"enemies":"2 Thieves","floor":18.0,"turns":4.0},{"damage":0.0,"enemies":"Chosen","floor":19.0,"turns":3.0},{"damage":27.0,"enemies":"Masked Bandits","floor":20.0,"turns":5.0},{"damage":8.0,"enemies":"Snecko","floor":22.0,"turns":3.0},{"damage":11.0,"enemies":"Sentry and Sphere","floor":24.0,"turns":5.0},{"damage":46.0,"enemies":"Gremlin Leader","floor":29.0,"turns":5.0},{"damage":0.0,"enemies":"Slavers","floor":31.0,"turns":2.0},{"damage":20.0,"enemies":"Champ","floor":33.0,"turns":9.0},{"damage":0.0,"enemies":"Orb Walker","floor":35.0,"turns":3.0},{"damage":0.0,"enemies":"3 Shapes","floor":36.0,"turns":3.0},{"damage":27.0,"enemies":"3 Darklings","floor":37.0,"turns":7.0},{"damage":15.0,"enemies":"Reptomancer","floor":40.0,"turns":4.0},{"damage":13.0,"enemies":"Nemesis","floor":42.0,"turns":3.0},{"damage":0,"enemies":"2 Orb Walkers","floor":45,"turns":4},{"damage":28,"enemies":"Spire Growth","floor":46,"turns":5},{"damage":28,"enemies":"Time Eater","floor":50,"turns":7},{"damage":33,"enemies":"Donu and Deca","floor":51,"turns":7},{"damage":9,"enemies":"Shield and Spear","floor":55,"turns":6},{"damage":41,"enemies":"The Heart","floor":56,"turns":9}],"green_key_taken_log":13,"seed_played":"8587408093509556011","neow_bonus_log":{"cardsObtained":[],"cardsUpgraded":[],"cardsRemoved":[],"cardsTransformed":[],"relicsObtained":["Cursed Key"],"maxHpGained":0,"goldGained":0,"damageTaken":0,"goldLost":0,"maxHpLost":0},"potions_obtained":[{"floor":3.0,"key":"Dexterity Potion"},{"floor":5.0,"key":"Dexterity Potion"},{"floor":13.0,"key":"SkillPotion"},{"floor":16.0,"key":"Dexterity Potion"},{"floor":18.0,"key":"PowerPotion"},{"floor":24.0,"key":"FairyPotion"},{"floor":29.0,"key":"Block Potion"},{"floor":33.0,"key":"Explosive Potion"},{"floor":36.0,"key":"Strength Potion"},{"floor":42.0,"key":"SneckoOil"},{"floor":45,"key":"Regen Potion"}],"is_trial":false,"path_per_floor":["M","M","M","M","M","E","R","$","T","R","E","R","E","$","R","B",null,"M","M","?","T","M","R","M","R","T","R","?","E","R","E","R","B",null,"M","M","M","$","?","E","R","E","T","R","?","M","R","$","R","B","B",null,"R","$","E","B",null],"character_chosen":"IRONCLAD","basemod:card_modifiers":[null,null,null,null,null,null,null,null,null,null,null,null,null,null,null,null,null,null,null,null,null,null,null,null,null,null,null,null,null,null,null],"items_purchased":["Dark Embrace","SteroidPotion","Twin Strike","Disarm","PanicButton","Flame Barrier","ClockworkSouvenir","SteroidPotion","PowerPotion","Bag of Preparation","Shrug It Off"],"campfire_rested":5,"item_purchase_floors":[8,8,8,38,38,48,48,48,48,54,54],"current_hp_per_floor":[68,66,63,62,56,1,23,23,23,23,4,26,11,11,11,2,57,47,49,24,24,18,18,9,9,9,31,31,10,32,34,34,16,60,62,64,39,39,39,26,48,37,37,37,39,45,45,45,45,40,17,61,61,61,74,52],"gold":81,"neow_bonus":"BOSS_RELIC","is_prod":false,"is_daily":false,"rewards_skipped":[],"chose_seed":false,"campfire_upgraded":8,"win_rate":0,"floor_exit_playtime":[415,466,501,544,679,764,770,802,807,832,908,912,1017,1030,1045,1187,2376,2494,2586,2835,2845,2950,2965,3118,3134,3137,3238,3245,3518,3527,3566,3638,3962,4416,4577,4695,5169,5245,5260,5492,5503,5590,5593,5629,5835,6235,6252,6441,6445,6837,7526,7538,7550,7677,7957,8407],"timestamp":1720979480,"blue_key_relic_skipped_log":{"floor":21,"relicID":"Oddly Smooth Stone"},"path_taken":["M","M","M","M","M","E","R","?","T","R","E","R","E","$","R","BOSS","M","?","?","?","M","R","M","R","T","R","?","E","R","E","R","BOSS","M","M","M","$","?","E","R","E","T","R","?","M","R","$","R","BOSS","BOSS","R","$","E","BOSS"],"build_version":"2022-12-01","purchased_purges":3,"victory":true,"max_hp_per_floor":[75,75,75,75,75,75,75,75,75,75,75,75,75,75,75,75,75,75,75,75,75,75,75,75,75,75,75,75,75,75,75,75,75,75,75,75,75,75,75,75,75,75,75,75,75,75,75,75,75,75,75,75,75,75,75,75],"relic_stats":{"Blood Vial":43,"Darkstone Periapt":0,"Nunchaku":[11],"Shovel":0,"counters":[28,136],"Pandora\u0027s Box":["Second Wind","Disarm","Wild Strike","Seeing Red","Bloodletting","Blood for Blood","Offering","Uppercut","Berserk"],"PreservedInsect":336,"Turnip":[3],"Bag of Preparation":[4],"Orichalcum":[0],"Cursed Key":2,"obtain_stats":[{"Darkstone Periapt":40,"Lantern":13,"PreservedInsect":9,"Bag of Preparation":54,"Orichalcum":55,"Cursed Key":0,"Burning Blood":0,"Old Coin":45,"ClockworkSouvenir":48,"Blood Vial":6,"Nunchaku":29,"Shovel":11,"Pandora\u0027s Box":34,"Turnip":42,"Red Mask":20,"Bag of Marbles":31,"Runic Pyramid":17},{"Darkstone Periapt":21,"Lantern":8,"PreservedInsect":6,"Bag of Preparation":26,"Orichalcum":27,"Cursed Key":0,"Burning Blood":0,"Old Coin":23,"ClockworkSouvenir":24,"Blood Vial":6,"Nunchaku":15,"Shovel":7,"Pandora\u0027s Box":17,"Turnip":22,"Red Mask":12,"Bag of Marbles":16,"Runic Pyramid":9},{"Darkstone Periapt":95,"Lantern":33,"PreservedInsect":22,"Bag of Preparation":121,"Orichalcum":127,"Cursed Key":0,"Burning Blood":0,"Old Coin":102,"ClockworkSouvenir":107,"Blood Vial":22,"Nunchaku":67,"Shovel":27,"Pandora\u0027s Box":78,"Turnip":98,"Red Mask":54,"Bag of Marbles":69,"Runic Pyramid":42}]},"card_choices":[{"not_picked":["Warcry","Sword Boomerang"],"picked":"True Grit","floor":1.0},{"not_picked":["Flex","Iron Wave"],"picked":"Uppercut","floor":2.0},{"not_picked":["Flex","Pummel"],"picked":"Evolve","floor":3.0},{"not_picked":["Infernal Blade","Warcry"],"picked":"Feel No Pain","floor":4.0},{"not_picked":["Shrug It Off","Sentinel"],"picked":"Juggernaut","floor":5.0},{"not_picked":["Blood for Blood","Reckless Charge"],"picked":"Inflame","floor":6.0},{"not_picked":["Clothesline","Thunderclap"],"picked":"Sever Soul","floor":11.0},{"not_picked":["Anger","Armaments","Rupture"],"picked":"SKIP","floor":13.0},{"not_picked":["Impervious","Corruption"],"picked":"Fiend Fire","floor":16.0},{"not_picked":["Iron Wave","Anger","Thunderclap"],"picked":"SKIP","floor":18.0},{"not_picked":["Armaments","Perfected Strike"],"picked":"Shrug It Off","floor":19.0},{"not_picked":["Perfected Strike","Combust"],"picked":"Demon Form","floor":20.0},{"not_picked":["Pommel Strike","Heavy Blade"],"picked":"Power Through","floor":22.0},{"not_picked":["Hemokinesis","Dark Embrace"],"picked":"Whirlwind","floor":24.0},{"not_picked":["Flex","Warcry","Evolve"],"picked":"SKIP","floor":29.0},{"not_picked":["Twin Strike","Sword Boomerang","Clash"],"picked":"SKIP","floor":31.0},{"not_picked":["Juggernaut","Berserk"],"picked":"Offering","floor":33.0},{"not_picked":["Pommel Strike","Sword Boomerang+1","Infernal Blade"],"picked":"SKIP","floor":35.0},{"not_picked":["Pommel Strike","Sword Boomerang+1","Infernal Blade"],"picked":"SKIP","floor":35.0},{"not_picked":["Iron Wave","Anger","Intimidate+1"],"picked":"SKIP","floor":36.0},{"not_picked":["Warcry","Headbutt","Searing Blow"],"picked":"SKIP","floor":37.0},{"not_picked":["Infernal Blade","Intimidate"],"picked":"Shrug It Off","floor":40.0},{"not_picked":["Heavy Blade","Clothesline"],"picked":"Flame Barrier","floor":42.0},{"not_picked":["Body Slam","Sword Boomerang+1"],"picked":"Reaper","floor":45},{"not_picked":["Armaments","Dropkick","Sword Boomerang"],"picked":"SKIP","floor":46},{"not_picked":["Armaments","Dropkick","Sword Boomerang"],"picked":"SKIP","floor":46},{"not_picked":["Armaments","Dropkick","Sword Boomerang"],"picked":"SKIP","floor":46},{"not_picked":["Hemokinesis","Thunderclap","Armaments"],"picked":"SKIP","floor":55}],"player_experience":219020,"relics_obtained":[{"floor":6.0,"key":"Blood Vial"},{"floor":9.0,"key":"PreservedInsect"},{"floor":11.0,"key":"Shovel"},{"floor":13.0,"key":"Lantern"},{"floor":20.0,"key":"Red Mask"},{"floor":29.0,"key":"Nunchaku"},{"floor":31.0,"key":"Bag of Marbles"},{"floor":40.0,"key":"Darkstone Periapt"},{"floor":42.0,"key":"Turnip"},{"floor":45,"key":"Old Coin"},{"floor":55,"key":"Orichalcum"}],"event_choices":[{"damage_healed":0.0,"max_hp_gain":0.0,"max_hp_loss":0.0,"gold_gain":0.0,"event_name":"Masked Bandits","player_choice":"Fought Bandits","floor":20.0,"gold_loss":0.0,"damage_taken":0.0},{"cards_removed":["Shame"],"damage_healed":0.0,"max_hp_gain":0.0,"max_hp_loss":0.0,"gold_gain":0.0,"event_name":"Beggar","player_choice":"Gave Gold","floor":28.0,"gold_loss":75.0,"damage_taken":0.0},{"damage_healed":0.0,"max_hp_gain":0.0,"max_hp_loss":0.0,"gold_gain":300.0,"event_name":"Wheel of Change","player_choice":"Gold","floor":39.0,"gold_loss":0.0,"damage_taken":0.0},{"damage_healed":0,"gold_gain":0,"player_choice":"Fight","damage_taken":0,"max_hp_gain":0,"max_hp_loss":0,"event_name":"Mysterious Sphere","floor":45,"gold_loss":0}],"is_beta":false,"boss_relics":[{"not_picked":["Runic Cube","Tiny House"],"picked":"Runic Pyramid"},{"not_picked":["Mark of Pain","Snecko Eye"],"picked":"Pandora\u0027s Box"}],"items_purged_floors":[14,38,48],"is_endless":false,"potions_floor_spawned":[3,5,13,16,18,24,29,33,36,42,45],"ascension_level":20,"potion_discard_per_floor":[[],[],[],[],[],[],[],[],[],[],[],[],[],[],[],[],[],[],[],[],[],[],[],[],[],[],[],[],[],[],[],[],[],[],[],[],[],[],[],[],[],[],[],[],[],[],[],["Strength Potion"],[],[],[],[],[],[],[],[],[]]}