{"gold_per_floor":[118,131,151,162,162,162,162,162,162,162,182,216,230,246,246,319,319,330,95,95,115,125,125,150,150,150,150,150,150,164,174,174,248,248,262,262,282,293,310,310,327,327,375,387,88,102,128,178,178,178],"floor_reached":50,"playtime":4648,"items_purged":["Strike_G","Defend_G"],"score":1096,"play_id":"059ec07d-067d-4acf-af3a-6243f5bd4cf3","local_time":"20230818112431","is_ascension_mode":true,"campfire_choices":[{"data":"Metamorphosis","floor":6.0,"key":"SMITH"},{"data":"Neutralize","floor":8.0,"key":"SMITH"},{"data":"Flying Knee","floor":10.0,"key":"SMITH"},{"floor":15.0,"key":"REST"},{"data":"Adrenaline","floor":23.0,"key":"SMITH"},{"floor":25.0,"key":"REST"},{"data":"Burst","floor":27.0,"key":"SMITH"},{"data":"Concentrate","floor":32.0,"key":"SMITH"},{"data":"Phantasmal Killer","floor":40,"key":"SMITH"},{"floor":42,"key":"RECALL"},{"data":"Tactician","floor":49,"key":"SMITH"}],"neow_cost":"TEN_PERCENT_HP_LOSS","seed_source_timestamp":0,"circlet_count":0,"master_deck":["AscendersBane","Defend_G","Defend_G","Defend_G","Survivor","Neutralize+1","Metamorphosis+1","Flying Knee+1","Noxious Fumes","Dagger Throw+1","Backflip","Acrobatics","Adrenaline+1","Burst+1","Malaise+1","PiercingWail+1","Reflex+1","Concentrate+1","Acrobatics","Blur","Phantasmal Killer+1","Tactician+1","Reflex"],"special_seed":0,"relics":["Ring of the Snake","Blue Candle","Toy Ornithopter","Thread and Needle","Astrolabe","Toolbox","Letter Opener","Eternal Feather","Empty Cage","Bag of Preparation","Pantograph"],"potions_floor_usage":[41,47],"damage_taken":[{"damage":1.0,"enemies":"Small Slimes","floor":1.0,"turns":4.0},{"damage":12.0,"enemies":"Jaw Worm","floor":2.0,"turns":5.0},{"damage":0.0,"enemies":"Cultist","floor":3.0,"turns":3.0},{"damage":2.0,"enemies":"2 Fungi Beasts","floor":4.0,"turns":5.0},{"damage":3.0,"enemies":"Looter","floor":11.0,"turns":3.0},{"damage":24.0,"enemies":"Gremlin Nob","floor":12.0,"turns":4.0},{"damage":0.0,"enemies":"Large Slime","floor":13.0,"turns":3.0},{"damage":6.0,"enemies":"2 Fungi Beasts","floor":14.0,"turns":3.0},{"damage":13.0,"enemies":"Hexaghost","floor":16.0,"turns":8.0},{"damage":6.0,"enemies":"Shell Parasite","floor":18.0,"turns":4.0},{"damage":5.0,"enemies":"2 Thieves","floor":21.0,"turns":3.0},{"damage":2.0,"enemies":"Snecko","floor":22.0,"turns":5.0},{"damage":38.0,"enemies":"Slavers","floor":24.0,"turns":7.0},{"damage":1.0,"enemies":"Centurion and Healer","floor":30.0,"turns":3.0},{"damage":14.0,"enemies":"Shelled Parasite and Fungi","floor":31.0,"turns":3.0},{"damage":20.0,"enemies":"Collector","floor":33.0,"turns":11.0},{"damage":11,"enemies":"3 Shapes","floor":35,"turns":5},{"damage":0,"enemies":"Orb Walker","floor":37,"turns":4},{"damage":0,"enemies":"Sphere and 2 Shapes","floor":38,"turns":4},{"damage":18,"enemies":"Maw","floor":39,"turns":6},{"damage":7,"enemies":"4 Shapes","floor":41,"turns":5},{"damage":0,"enemies":"Spire Growth","floor":44,"turns":4},{"damage":0,"enemies":"Sphere and 2 Shapes","floor":46,"turns":3},{"damage":1,"enemies":"Reptomancer","floor":47,"turns":4},{"damage":63,"enemies":"Time Eater","floor":50,"turns":11}],"seed_played":"-2548041701893222524","potions_obtained":[{"floor":2.0,"key":"Regen Potion"},{"floor":14.0,"key":"GamblersBrew"},{"floor":16.0,"key":"Dexterity Potion"},{"floor":24.0,"key":"SpeedPotion"},{"floor":30.0,"key":"PowerPotion"},{"floor":39,"key":"SkillPotion"},{"floor":41,"key":"Dexterity Potion"}],"is_trial":false,"path_per_floor":["M","M","M","M","?","R","?","R","T","R","M","E","M","M","R","B",null,"M","$","?","M","M","R","E","R","T","R","?","?","M","M","R","B",null,"M","?","M","M","M","R","M","R","T","M","$","M","E","?","R","B"],"character_chosen":"THE_SILENT","basemod:card_modifiers":[null,null,null,null,null,null,null,null,null,null,null,null,null,null,null,null,null,null,null,null,null,null,null],"items_purchased":["Toolbox","Bag of Preparation","Reflex"],"campfire_rested":2,"item_purchase_floors":[19,45,45],"current_hp_per_floor":[58,46,46,44,33,33,33,33,33,33,30,23,23,17,35,22,51,50,50,50,45,43,43,10,28,28,40,40,40,39,25,37,22,51,40,40,40,40,22,34,32,44,44,44,44,44,48,48,60,0],"gold":178,"neow_bonus":"RANDOM_COLORLESS_2","is_prod":false,"is_daily":false,"chose_seed":false,"campfire_upgraded":8,"win_rate":1,"timestamp":1692372271,"path_taken":["M","M","M","M","?","R","?","R","T","R","M","E","M","?","R","BOSS","M","$","?","M","M","R","E","R","T","R","?","?","M","M","R","BOSS","M","?","?","M","M","R","M","R","T","M","$","M","E","?","R","BOSS"],"build_version":"2022-12-01","purchased_purges":2,"victory":false,"max_hp_per_floor":[60,60,60,60,60,60,60,60,60,60,60,60,60,60,60,60,60,60,60,60,60,60,60,60,60,60,60,60,60,60,60,60,60,60,60,60,60,60,60,60,60,60,60,60,60,60,60,60,60,60],"card_choices":[{"not_picked":["Secret Technique","Chrysalis"],"picked":"Metamorphosis","floor":0.0},{"not_picked":["Crippling Poison","Bane"],"picked":"Flying Knee","floor":1.0},{"not_picked":["Cloak And Dagger","Dagger Spray"],"picked":"Noxious Fumes","floor":2.0},{"not_picked":["Crippling Poison","Dodge and Roll"],"picked":"Dagger Throw","floor":3.0},{"not_picked":["Dodge and Roll","Slice"],"picked":"Backflip","floor":4.0},{"not_picked":["Dagger Throw","Underhanded Strike"],"picked":"Acrobatics","floor":11.0},{"not_picked":["Blur","Dagger Spray"],"picked":"Adrenaline","floor":12.0},{"not_picked":["Outmaneuver","Heel Hook","Crippling Poison"],"picked":"SKIP","floor":13.0},{"not_picked":["Blade Dance","All Out Attack","Concentrate"],"picked":"SKIP","floor":14.0},{"not_picked":["Wraith Form v2","A Thousand Cuts"],"picked":"Burst","floor":16.0},{"not_picked":["Bane","Finisher","Dash"],"picked":"SKIP","floor":18.0},{"not_picked":["Bane","Finisher","Dash"],"picked":"SKIP","floor":18.0},{"not_picked":["Dagger Spray","Infinite Blades"],"picked":"Concentrate","floor":21.0},{"not_picked":["Dagger Spray","Slice","Deadly Poison+1"],"picked":"SKIP","floor":22.0},{"not_picked":["PiercingWail","Concentrate","Doppelganger"],"picked":"SKIP","floor":24.0},{"not_picked":["Setup","Deadly Poison+1"],"picked":"Blur","floor":30.0},{"not_picked":["Cloak And Dagger+1","Heel Hook","Outmaneuver"],"picked":"SKIP","floor":31.0},{"not_picked":["Wraith Form v2","Envenom"],"picked":"Phantasmal Killer","floor":33.0},{"not_picked":["Acrobatics","Catalyst+1","Infinite Blades+1"],"picked":"SKIP","floor":35},{"not_picked":["Acrobatics","Catalyst+1","Infinite Blades+1"],"picked":"SKIP","floor":35},{"not_picked":["Blade Dance","Crippling Poison","Backflip+1"],"picked":"SKIP","floor":37},{"not_picked":["Phantasmal Killer","Catalyst+1","Distraction"],"picked":"SKIP","floor":38},{"not_picked":["Predator","Accuracy","Backflip+1"],"picked":"SKIP","floor":39},{"not_picked":["Underhanded Strike","Distraction"],"picked":"Tactician","floor":41},{"not_picked":["Acrobatics+1","Quick Slash","Backflip"],"picked":"SKIP","floor":44},{"not_picked":["Sucker Punch+1","Wraith Form v2","Crippling Poison"],"picked":"SKIP","floor":46},{"not_picked":["Heel Hook","Crippling Poison+1","Flying Knee"],"picked":"SKIP","floor":47}],"player_experience":66158,"relics_obtained":[{"floor":9.0,"key":"Toy Ornithopter"},{"floor":12.0,"key":"Thread and Needle"},{"floor":24.0,"key":"Letter Opener"},{"floor":26.0,"key":"Eternal Feather"},{"floor":47,"key":"Pantograph"}],"event_choices":[{"damage_healed":0.0,"max_hp_gain":0.0,"max_hp_loss":0.0,"gold_gain":0.0,"event_name":"Scrap Ooze","player_choice":"Success","floor":5.0,"gold_loss":0.0,"damage_taken":11.0,"relics_obtained":["Blue Candle"]},{"damage_healed":0.0,"max_hp_gain":0.0,"max_hp_loss":0.0,"gold_gain":0.0,"event_name":"Accursed Blacksmith","player_choice":"Forge","floor":7.0,"gold_loss":0.0,"damage_taken":0.0,"cards_upgraded":["Dagger Throw"]},{"damage_healed":0.0,"max_hp_gain":0.0,"max_hp_loss":0.0,"gold_gain":0.0,"cards_transformed":["Strike_G","Defend_G"],"event_name":"Drug Dealer","player_choice":"Became Test Subject","floor":20.0,"gold_loss":0.0,"damage_taken":0.0,"cards_obtained":["Poisoned Stab","Sucker Punch"]},{"damage_healed":0.0,"max_hp_gain":0.0,"max_hp_loss":0.0,"gold_gain":0.0,"event_name":"Vampires","player_choice":"Ignored","floor":28.0,"gold_loss":0.0,"damage_taken":0.0},{"damage_healed":0.0,"max_hp_gain":0.0,"max_hp_loss":0.0,"gold_gain":0.0,"event_name":"The Library","player_choice":"Read","floor":29.0,"gold_loss":0.0,"damage_taken":0.0,"cards_obtained":["Acrobatics"]},{"damage_healed":0,"gold_gain":0,"player_choice":"Ignored","damage_taken":0,"max_hp_gain":0,"max_hp_loss":0,"event_name":"SecretPortal","floor":36,"gold_loss":0},{"damage_healed":0,"gold_gain":50,"player_choice":"Pray","damage_taken":0,"max_hp_gain":0,"max_hp_loss":0,"event_name":"Golden Shrine","floor":48,"gold_loss":0}],"is_beta":false,"boss_relics":[{"not_picked":["HoveringKite","Fusion Hammer"],"picked":"Astrolabe"},{"not_picked":["SacredBark","Ring of the Serpent"],"picked":"Empty Cage"}],"items_purged_floors":[19,45],"is_endless":false,"potions_floor_spawned":[2,14,16,24,30,39,41,46],"killed_by":"Time Eater","ascension_level":20}