{"gold_per_floor":[114,130,146,159,159,189,202,230,253,253,178,197,197,197,197,197],"floor_reached":16,"playtime":1189,"items_purged":[],"score":224,"play_id":"aeacc6ec-e541-4b7d-8240-dfbf2ab80969","local_time":"20230820182242","is_ascension_mode":true,"campfire_choices":[{"floor":10,"key":"REST"},{"data":"Terror","floor":13,"key":"SMITH"},{"floor":15,"key":"REST"}],"neow_cost":"TEN_PERCENT_HP_LOSS","seed_source_timestamp":4951677495875,"circlet_count":0,"master_deck":["AscendersBane","Strike_G","Strike_G","Strike_G","Strike_G","Strike_G","Defend_G","Defend_G","Defend_G","Defend_G","Defend_G","Survivor","Neutralize","Master of Strategy","Terror+1","Slice","PiercingWail","Eviscerate+1","Flechettes","Acrobatics","Flying Knee"],"relics":["Ring of the Snake","Bronze Scales","Toy Ornithopter","Golden Idol"],"potions_floor_usage":[6,6,8],"damage_taken":[{"damage":3,"enemies":"2 Louse","floor":1,"turns":3},{"damage":4,"enemies":"Cultist","floor":2,"turns":4},{"damage":9,"enemies":"Jaw Worm","floor":3,"turns":4},{"damage":5,"enemies":"Blue Slaver","floor":4,"turns":6},{"damage":6,"enemies":"Lagavulin","floor":6,"turns":5},{"damage":3,"enemies":"Looter","floor":7,"turns":2},{"damage":14,"enemies":"3 Sentries","floor":8,"turns":8},{"damage":4,"enemies":"Large Slime","floor":12,"turns":5},{"damage":30,"enemies":"Slime Boss","floor":16,"turns":7}],"seed_played":"7658411426813418010","potions_obtained":[{"floor":3,"key":"SteroidPotion"},{"floor":4,"key":"SkillPotion"},{"floor":6,"key":"Swift Potion"}],"is_trial":false,"path_per_floor":["M","M","M","M","?","E","M","E","T","R","?","M","R","?","R","B"],"character_chosen":"THE_SILENT","basemod:card_modifiers":[null,null,null,null,null,null,null,null,null,null,null,null,null,null,null,null,null,null,null,null,null],"items_purchased":[],"campfire_rested":2,"item_purchase_floors":[],"current_hp_per_floor":[56,52,43,38,38,32,29,15,15,33,33,29,29,29,45,15],"gold":197,"neow_bonus":"RANDOM_COLORLESS_2","is_prod":false,"is_daily":false,"chose_seed":false,"campfire_upgraded":1,"win_rate":0,"timestamp":1692570162,"path_taken":["M","M","M","M","?","E","?","E","T","R","?","M","R","?","R","BOSS"],"build_version":"2022-12-01","purchased_purges":0,"victory":false,"max_hp_per_floor":[60,60,60,60,60,60,60,60,60,60,60,60,60,54,54,54],"card_choices":[{"not_picked":["Panache","Thinking Ahead"],"picked":"Master of Strategy","floor":0},{"not_picked":["Tactician","Flying Knee"],"picked":"Terror","floor":1},{"not_picked":["Deflect","PiercingWail"],"picked":"Slice","floor":2},{"not_picked":["Cloak And Dagger","Footwork"],"picked":"PiercingWail","floor":3},{"not_picked":["Masterful Stab","Calculated Gamble"],"picked":"Eviscerate","floor":4},{"not_picked":["Concentrate","Skewer"],"picked":"Flechettes","floor":6},{"not_picked":["All Out Attack","Eviscerate"],"picked":"Acrobatics","floor":7},{"not_picked":["Sucker Punch","Dodge and Roll","Cloak And Dagger"],"picked":"SKIP","floor":8},{"not_picked":["Night Terror","Flying Knee","Quick Slash"],"picked":"SKIP","floor":12},{"not_picked":["Night Terror","Quick Slash"],"picked":"Flying Knee","floor":12}],"player_experience":37305,"relics_obtained":[{"floor":6,"key":"Bronze Scales"},{"floor":8,"key":"Toy Ornithopter"}],"event_choices":[{"damage_healed":0,"gold_gain":0,"player_choice":"Upgraded","damage_taken":0,"max_hp_gain":0,"max_hp_loss":0,"event_name":"Upgrade Shrine","floor":5,"gold_loss":0,"cards_upgraded":["Eviscerate"]},{"damage_healed":0,"gold_gain":0,"player_choice":"Left Gold","damage_taken":0,"max_hp_gain":0,"max_hp_loss":0,"event_name":"World of Goop","floor":11,"gold_loss":75},{"damage_healed":0,"gold_gain":0,"player_choice":"Lose Max HP","damage_taken":0,"relics_obtained":["Golden Idol"],"max_hp_gain":0,"max_hp_loss":6,"event_name":"Golden Idol","floor":14,"gold_loss":0}],"is_beta":false,"boss_relics":[],"items_purged_floors":[],"is_endless":false,"potions_floor_spawned":[3,4,6],"killed_by":"Slime Boss","ascension_level":20}