{"gold_per_floor":[119,119,133,144,69,69,86,117,117,135,135,135,135,168,168,245,245,260,260,260,277,16,44,44,44,44,44,55,71,89,100,100,100],"floor_reached":33,"playtime":2542,"items_purged":["Strike_G","Strike_G"],"score":558,"play_id":"d6be925f-ba00-4c41-a7f6-0bdd1b452090","local_time":"20230826000420","is_ascension_mode":true,"campfire_choices":[{"data":"Predator","floor":6,"key":"SMITH"},{"floor":13,"key":"REST"},{"floor":15,"key":"REST"},{"floor":25,"key":"REST"},{"data":"Neutralize","floor":27,"key":"SMITH"},{"floor":32,"key":"REST"}],"neow_cost":"NONE","seed_source_timestamp":121337320949750,"circlet_count":0,"master_deck":["AscendersBane","Strike_G+1","Strike_G","Defend_G","Defend_G","Defend_G+1","Defend_G","Defend_G","Survivor","Neutralize+1","Deadly Poison","Predator+1","Dagger Throw","Tools of the Trade","Terror","Caltrops","Phantasmal Killer","Eviscerate","Reflex","Burst","Sucker Punch","Backflip"],"relics":["Ring of the Snake","Blood Vial","Ninja Scroll","Sundial","Bottled Tornado","Philosopher\u0027s Stone","ClockworkSouvenir","Nunchaku"],"potions_floor_usage":[8,18,21,24,30,31],"damage_taken":[{"damage":1,"enemies":"2 Louse","floor":1,"turns":4},{"damage":1,"enemies":"Small Slimes","floor":3,"turns":3},{"damage":1,"enemies":"Jaw Worm","floor":4,"turns":3},{"damage":3,"enemies":"Red Slaver","floor":7,"turns":3},{"damage":27,"enemies":"Lagavulin","floor":8,"turns":6},{"damage":1,"enemies":"Exordium Wildlife","floor":10,"turns":3},{"damage":19,"enemies":"3 Sentries","floor":14,"turns":7},{"damage":13,"enemies":"The Guardian","floor":16,"turns":9},{"damage":16,"enemies":"Shell Parasite","floor":18,"turns":3},{"damage":0,"enemies":"Chosen","floor":21,"turns":3},{"damage":29,"enemies":"Book of Stabbing","floor":23,"turns":4},{"damage":0,"enemies":"Snake Plant","floor":24,"turns":1},{"damage":1,"enemies":"Centurion and Healer","floor":28,"turns":5},{"damage":25,"enemies":"Sentry and Sphere","floor":29,"turns":6},{"damage":2,"enemies":"Snecko","floor":30,"turns":4},{"damage":14,"enemies":"3 Cultists","floor":31,"turns":5},{"damage":28,"enemies":"Automaton","floor":33,"turns":4}],"seed_played":"6123882438352150937","potions_obtained":[{"floor":3,"key":"FairyPotion"},{"floor":4,"key":"EntropicBrew"},{"floor":12,"key":"GamblersBrew"},{"floor":14,"key":"LiquidMemories"},{"floor":23,"key":"SmokeBomb"},{"floor":29,"key":"EntropicBrew"}],"is_trial":false,"path_per_floor":["M","?","M","M","$","R","M","E","T","M","?","?","R","E","R","B",null,"M","?","?","M","$","E","M","R","T","R","M","M","M","M","R","B"],"character_chosen":"THE_SILENT","basemod:card_modifiers":[null,null,null,null,null,null,null,null,null,null,null,null,null,null,null,null,null,null,null,null,null,null],"items_purchased":["ClockworkSouvenir"],"campfire_rested":4,"item_purchase_floors":[22],"current_hp_per_floor":[60,40,41,42,42,42,41,16,16,17,19,19,38,21,40,29,57,43,43,43,45,45,18,20,39,39,39,40,17,17,5,24,0],"gold":100,"neow_bonus":"RANDOM_COMMON_RELIC","is_prod":false,"is_daily":false,"chose_seed":false,"campfire_upgraded":2,"win_rate":0,"timestamp":1693022660,"path_taken":["M","?","M","M","$","R","M","E","T","M","?","?","R","E","R","BOSS","M","?","?","M","$","E","M","R","T","R","M","M","?","M","R","BOSS"],"build_version":"2022-12-01","purchased_purges":2,"victory":false,"max_hp_per_floor":[66,66,66,66,66,66,66,66,66,66,66,66,66,66,66,66,66,66,66,66,66,66,66,66,66,66,66,66,66,66,66,66,66],"card_choices":[{"not_picked":["PiercingWail","Concentrate"],"picked":"Deadly Poison","floor":1},{"not_picked":["Blur","Acrobatics"],"picked":"Predator","floor":3},{"not_picked":["Deflect","Outmaneuver"],"picked":"Dagger Throw","floor":4},{"not_picked":["Underhanded Strike","PiercingWail"],"picked":"Tools of the Trade","floor":7},{"not_picked":["Masterful Stab","Cloak And Dagger"],"picked":"Terror","floor":8},{"not_picked":["Predator","Deadly Poison","Concentrate"],"picked":"SKIP","floor":10},{"not_picked":["Setup","Prepared"],"picked":"Caltrops","floor":14},{"not_picked":["Night Terror","Venomology"],"picked":"Phantasmal Killer","floor":16},{"not_picked":["Finisher","Deflect"],"picked":"Eviscerate","floor":18},{"not_picked":["Accuracy","Riddle With Holes","Deadly Poison"],"picked":"SKIP","floor":21},{"not_picked":["Deflect","Blade Dance"],"picked":"Reflex","floor":23},{"not_picked":["Cloak And Dagger","Heel Hook"],"picked":"Burst","floor":28},{"not_picked":["Blade Dance","Cloak And Dagger","Dagger Spray"],"picked":"SKIP","floor":29},{"not_picked":["Setup","Dodge and Roll"],"picked":"Sucker Punch","floor":30},{"not_picked":["Prepared","Flying Knee"],"picked":"Backflip","floor":31}],"player_experience":96154,"relics_obtained":[{"floor":8,"key":"Ninja Scroll"},{"floor":9,"key":"Sundial"},{"floor":14,"key":"Bottled Tornado"},{"floor":23,"key":"Nunchaku"}],"event_choices":[{"damage_healed":0,"gold_gain":0,"player_choice":"Entered Light","damage_taken":20,"max_hp_gain":0,"max_hp_loss":0,"event_name":"Shining Light","floor":2,"gold_loss":0,"cards_upgraded":["Strike_G","Defend_G"]},{"damage_healed":0,"gold_gain":0,"player_choice":"Fled","damage_taken":18,"max_hp_gain":0,"max_hp_loss":0,"event_name":"Scrap Ooze","floor":11,"gold_loss":0},{"damage_healed":0,"gold_gain":0,"player_choice":"Got Potions","damage_taken":0,"max_hp_gain":0,"max_hp_loss":0,"event_name":"Lab","floor":12,"gold_loss":0},{"cards_removed":["Strike_G"],"damage_healed":0,"gold_gain":0,"player_choice":"Elegance","damage_taken":0,"max_hp_gain":0,"max_hp_loss":0,"event_name":"Back to Basics","floor":19,"gold_loss":0},{"damage_healed":0,"gold_gain":0,"player_choice":"Ignored","damage_taken":0,"max_hp_gain":0,"max_hp_loss":0,"event_name":"N\u0027loth","floor":20,"gold_loss":0}],"is_beta":false,"boss_relics":[{"not_picked":["Black Star","Busted Crown"],"picked":"Philosopher\u0027s Stone"}],"items_purged_floors":[5,22],"is_endless":false,"potions_floor_spawned":[3,4,10,14,23,24,29],"killed_by":"Automaton","ascension_level":20}