{"gold_per_floor":[109,125,136,147,147,147,182,194,194,159,159,175,203,214,214,214],"floor_reached":16,"playtime":1712,"items_purged":[],"score":278,"play_id":"8889bbf5-5b68-489d-99db-e37d60204d15","local_time":"20230826115207","is_ascension_mode":true,"campfire_choices":[{"data":"Terror","floor":6,"key":"SMITH"},{"data":"Dash","floor":11,"key":"SMITH"},{"floor":15,"key":"REST"}],"neow_cost":"NONE","seed_source_timestamp":164636714921791,"circlet_count":0,"master_deck":["AscendersBane","Strike_G","Strike_G","Strike_G","Strike_G","Strike_G","Defend_G","Defend_G","Defend_G","Defend_G","Defend_G","Survivor","Neutralize","Dagger Throw","Terror+1","Dash+1","Backflip","PiercingWail","Backstab","Dagger Spray"],"relics":["SacredBark","Mango","Mercury Hourglass","Singing Bowl"],"potions_floor_usage":[7,8],"damage_taken":[{"damage":3,"enemies":"Small Slimes","floor":1,"turns":5},{"damage":0,"enemies":"2 Louse","floor":2,"turns":4},{"damage":4,"enemies":"Cultist","floor":3,"turns":5},{"damage":0,"enemies":"Blue Slaver","floor":4,"turns":5},{"damage":0,"enemies":"Gremlin Nob","floor":7,"turns":3},{"damage":0,"enemies":"Lots of Slimes","floor":8,"turns":3},{"damage":0,"enemies":"2 Fungi Beasts","floor":12,"turns":3},{"damage":11,"enemies":"3 Sentries","floor":13,"turns":7},{"damage":22,"enemies":"Exordium Thugs","floor":14,"turns":5},{"damage":50,"enemies":"Slime Boss","floor":16,"turns":8}],"seed_played":"6843591026504295032","potions_obtained":[{"floor":2,"key":"CunningPotion"},{"floor":3,"key":"CultistPotion"},{"floor":4,"key":"AttackPotion"},{"floor":12,"key":"SmokeBomb"}],"is_trial":false,"path_per_floor":["M","M","M","M","?","R","E","M","T","?","R","M","E","M","R","B"],"character_chosen":"THE_SILENT","basemod:card_modifiers":[null,null,null,null,null,null,null,null,null,null,null,null,null,null,null,null,null,null,null,null],"items_purchased":[],"campfire_rested":1,"item_purchase_floors":[],"current_hp_per_floor":[56,56,52,52,41,41,55,55,55,55,55,55,44,22,46,0],"gold":214,"neow_bonus":"BOSS_RELIC","is_prod":false,"is_daily":false,"chose_seed":false,"campfire_upgraded":2,"win_rate":0,"timestamp":1693065127,"path_taken":["M","M","M","M","?","R","E","M","T","?","R","M","E","M","R","BOSS"],"build_version":"2022-12-01","purchased_purges":0,"victory":false,"max_hp_per_floor":[66,66,66,66,66,66,80,80,80,80,80,80,80,80,80,80],"card_choices":[{"not_picked":["Flying Knee","Catalyst"],"picked":"Dagger Throw","floor":1},{"not_picked":["Calculated Gamble","Crippling Poison"],"picked":"Terror","floor":2},{"not_picked":["Outmaneuver","Slice"],"picked":"Dash","floor":3},{"not_picked":["Underhanded Strike","Bane"],"picked":"Backflip","floor":4},{"not_picked":["Grand Finale","Infinite Blades","Endless Agony"],"picked":"SKIP","floor":7},{"not_picked":["Backflip","Sucker Punch"],"picked":"PiercingWail","floor":8},{"not_picked":["Dash","Bouncing Flask","Prepared"],"picked":"SKIP","floor":12},{"not_picked":["Night Terror","Tactician"],"picked":"Backstab","floor":13},{"not_picked":["Bane","Blade Dance"],"picked":"Dagger Spray","floor":14}],"player_experience":106450,"relics_obtained":[{"floor":7,"key":"Mango"},{"floor":9,"key":"Mercury Hourglass"},{"floor":13,"key":"Singing Bowl"}],"event_choices":[{"damage_healed":0,"gold_gain":0,"player_choice":"Fled","damage_taken":11,"max_hp_gain":0,"max_hp_loss":0,"event_name":"Scrap Ooze","floor":5,"gold_loss":0},{"damage_healed":0,"gold_gain":0,"player_choice":"Left Gold","damage_taken":0,"max_hp_gain":0,"max_hp_loss":0,"event_name":"World of Goop","floor":10,"gold_loss":35}],"is_beta":false,"boss_relics":[],"items_purged_floors":[],"is_endless":false,"potions_floor_spawned":[2,3,4,12],"killed_by":"Slime Boss","ascension_level":20}