{"gold_per_floor":[114,114,114,133,133,159,40,40,40,40,40,73,86,104,104,182,182,194,212,232,252,252],"floor_reached":22,"playtime":1598,"items_purged":["Strike_G"],"score":442,"play_id":"2bdb7fe2-9a7f-43af-8c85-6bf093b29ed9","local_time":"20230825212831","is_ascension_mode":true,"campfire_choices":[{"data":"Venomology","floor":8.0,"key":"SMITH"},{"floor":10.0,"key":"REST"},{"data":"Calculated Gamble","floor":15,"key":"SMITH"}],"neow_cost":"NONE","seed_source_timestamp":112900090469916,"circlet_count":0,"master_deck":["AscendersBane","Strike_G","Strike_G","Strike_G","Defend_G","Defend_G","Defend_G","Defend_G","Survivor","Neutralize","Deadly Poison","Venomology+1","Tools of the Trade","Bouncing Flask","Underhanded Strike","Calculated Gamble+1","Backflip+1","Well Laid Plans","Blade Dance+1","Malaise+1","Dodge and Roll+1","Prepared+1","PiercingWail+1"],"special_seed":0,"relics":["Ring of the Snake","NeowsBlessing","Bottled Lightning","Torii","Toxic Egg 2","Calipers","HoveringKite"],"potions_floor_usage":[13,14,14,16,16,18,19,19,20,21,22,22],"damage_taken":[{"damage":0.0,"enemies":"Small Slimes","floor":1.0,"turns":1.0},{"damage":0.0,"enemies":"Jaw Worm","floor":4.0,"turns":1.0},{"damage":0.0,"enemies":"Gremlin Nob","floor":6.0,"turns":1.0},{"damage":12.0,"enemies":"Lagavulin","floor":12.0,"turns":5.0},{"damage":0,"enemies":"Cultist","floor":13,"turns":3},{"damage":0,"enemies":"2 Fungi Beasts","floor":14,"turns":3},{"damage":24,"enemies":"The Guardian","floor":16,"turns":11},{"damage":12,"enemies":"2 Thieves","floor":18,"turns":3},{"damage":0,"enemies":"3 Byrds","floor":19,"turns":4},{"damage":20,"enemies":"Shelled Parasite and Fungi","floor":20,"turns":6},{"damage":12,"enemies":"Sentry and Sphere","floor":21,"turns":6},{"damage":11,"enemies":"Cultist and Chosen","floor":22,"turns":5}],"seed_played":"-5574282761546587459","potions_obtained":[{"floor":12.0,"key":"CultistPotion"},{"floor":13,"key":"Dexterity Potion"},{"floor":14,"key":"LiquidBronze"},{"floor":16,"key":"SteroidPotion"},{"floor":21,"key":"CunningPotion"}],"is_trial":false,"path_per_floor":["M","?","?","M","?","E","$","R","T","R","T","E","M","M","R","B",null,"M","M","M","M","M"],"character_chosen":"THE_SILENT","basemod:card_modifiers":[null,null,null,null,null,null,null,null,null,null,null,null,null,null,null,null,null,null,null,null,null,null,null],"items_purchased":["Calculated Gamble"],"campfire_rested":1,"item_purchase_floors":[7],"current_hp_per_floor":[59,59,59,59,24,24,24,24,24,43,43,31,31,31,31,7,51,39,39,19,7,0],"gold":252,"neow_bonus":"THREE_ENEMY_KILL","is_prod":false,"is_daily":false,"chose_seed":false,"campfire_upgraded":2,"win_rate":0,"timestamp":1693013311,"path_taken":["M","?","?","?","?","E","?","R","T","R","?","E","M","?","R","BOSS","M","M","?","M","M"],"build_version":"2022-12-01","purchased_purges":1,"victory":false,"max_hp_per_floor":[66,66,66,66,66,66,66,66,66,66,66,66,66,66,66,66,66,66,66,66,66,66],"card_choices":[{"not_picked":["Sucker Punch","Slice"],"picked":"Deadly Poison","floor":1.0},{"not_picked":["Poisoned Stab","Dodge and Roll"],"picked":"Bouncing Flask","floor":4.0},{"not_picked":["Dagger Spray","Noxious Fumes"],"picked":"Underhanded Strike","floor":6.0},{"not_picked":["Deflect+1","Expertise+1"],"picked":"Backflip+1","floor":12.0},{"not_picked":["Slice","Dagger Throw"],"picked":"Well Laid Plans","floor":13},{"not_picked":["Caltrops","All Out Attack"],"picked":"Blade Dance+1","floor":14},{"not_picked":["Doppelganger+1","Phantasmal Killer+1"],"picked":"Malaise+1","floor":16},{"not_picked":["Finisher","Cloak And Dagger+1","Dagger Throw"],"picked":"SKIP","floor":18},{"not_picked":["Bouncing Flask+1","Flying Knee"],"picked":"Dodge and Roll+1","floor":19},{"not_picked":["Poisoned Stab","Accuracy"],"picked":"Prepared+1","floor":20},{"not_picked":["Prepared+1","Heel Hook"],"picked":"PiercingWail+1","floor":21}],"player_experience":91571,"relics_obtained":[{"floor":6.0,"key":"Bottled Lightning"},{"floor":9.0,"key":"Torii"},{"floor":11.0,"key":"Toxic Egg 2"},{"floor":12.0,"key":"Calipers"}],"event_choices":[{"damage_healed":0.0,"max_hp_gain":0.0,"max_hp_loss":0.0,"gold_gain":0.0,"cards_transformed":["Strike_G"],"event_name":"Living Wall","player_choice":"Change","floor":2.0,"gold_loss":0.0,"damage_taken":0.0,"cards_obtained":["Venomology"]},{"damage_healed":0.0,"max_hp_gain":0.0,"max_hp_loss":0.0,"gold_gain":0.0,"cards_transformed":["Defend_G"],"event_name":"Transmorgrifier","player_choice":"Transformed","floor":3.0,"gold_loss":0.0,"damage_taken":0.0,"cards_obtained":["Tools of the Trade"]},{"damage_healed":0.0,"max_hp_gain":0.0,"max_hp_loss":0.0,"gold_gain":0.0,"event_name":"Scrap Ooze","player_choice":"Fled","floor":5.0,"gold_loss":0.0,"damage_taken":35.0}],"is_beta":false,"boss_relics":[{"not_picked":["Empty Cage","Sozu"],"picked":"HoveringKite"}],"items_purged_floors":[7],"is_endless":false,"potions_floor_spawned":[12,13,14,16,21],"killed_by":"Cultist and Chosen","ascension_level":20}