{"gold_per_floor":[213,228,241,89,89,89,115,115,115,115,146,164,189,205,205,279,279,296,25,25,37,47,79,79,105,105,130,164,183,163,181,181,252,252,266,280,214,228,61,90,90,118,142,174,174,192,140,169,169,169,169,169,169,11,43,43],"floor_reached":57,"playtime":5808,"items_purged":["Defend_G","Strike_G"],"score":3046,"play_id":"30cc6017-ca01-479e-9b83-e97e0ec35008","local_time":"20230826182137","is_ascension_mode":true,"campfire_choices":[{"data":"Backstab","floor":6.0,"key":"SMITH"},{"data":"Blade Dance","floor":8.0,"key":"SMITH"},{"floor":10.0,"key":"REST"},{"data":"Bouncing Flask","floor":15.0,"key":"SMITH"},{"data":"Tactician","floor":24.0,"key":"SMITH"},{"data":"Well Laid Plans","floor":32.0,"key":"SMITH"},{"floor":41.0,"key":"RECALL"},{"floor":49,"key":"REST"},{"floor":53,"key":"REST"}],"neow_cost":"NONE","seed_source_timestamp":183711438457083,"circlet_count":0,"master_deck":["AscendersBane","Strike_G+1","Strike_G+1","Strike_G+1","Strike_G+1","Defend_G+1","Defend_G+1","Defend_G+1","Defend_G+1","Survivor","Neutralize","Backstab+1","Blade Dance+1","All Out Attack+1","Accuracy","Bouncing Flask+1","Expertise","Corpse Explosion","Footwork","Tactician+1","PiercingWail","Well Laid Plans+1","Footwork+1","Reflex","Blade Dance","Terror+1","Acrobatics","Tactician","Master of Strategy","PiercingWail"],"special_seed":0,"relics":["Ring of the Snake","Mango","Dead Branch","Blood Vial","Oddly Smooth Stone","SlaversCollar","Nunchaku","Meat on the Bone","Dream Catcher","Bottled Tornado","Unceasing Top","Fusion Hammer","Boot","Anchor","Toy Ornithopter","Shuriken","Happy Flower","Snake Skull","The Courier","Bag of Preparation"],"potions_floor_usage":[56],"damage_taken":[{"damage":9.0,"enemies":"Jaw Worm","floor":1.0,"turns":6.0},{"damage":1.0,"enemies":"Cultist","floor":2.0,"turns":4.0},{"damage":0.0,"enemies":"2 Louse","floor":3.0,"turns":3.0},{"damage":26.0,"enemies":"Lagavulin","floor":7.0,"turns":9.0},{"damage":8.0,"enemies":"Gremlin Nob","floor":11.0,"turns":3.0},{"damage":1.0,"enemies":"Red Slaver","floor":12.0,"turns":3.0},{"damage":12.0,"enemies":"3 Sentries","floor":13.0,"turns":2.0},{"damage":0.0,"enemies":"2 Fungi Beasts","floor":14.0,"turns":2.0},{"damage":20.0,"enemies":"Hexaghost","floor":16.0,"turns":7.0},{"damage":6.0,"enemies":"Chosen","floor":18.0,"turns":5.0},{"damage":0.0,"enemies":"Shell Parasite","floor":21.0,"turns":2.0},{"damage":0.0,"enemies":"Chosen and Byrds","floor":22.0,"turns":3.0},{"damage":5.0,"enemies":"Gremlin Leader","floor":23.0,"turns":6.0},{"damage":17.0,"enemies":"Book of Stabbing","floor":25.0,"turns":5.0},{"damage":0.0,"enemies":"Gremlin Leader","floor":28.0,"turns":5.0},{"damage":18.0,"enemies":"Sentry and Sphere","floor":29.0,"turns":4.0},{"damage":6.0,"enemies":"Snake Plant","floor":31.0,"turns":3.0},{"damage":25.0,"enemies":"Champ","floor":33.0,"turns":9.0},{"damage":3.0,"enemies":"Orb Walker","floor":35.0,"turns":3.0},{"damage":0.0,"enemies":"3 Shapes","floor":36.0,"turns":4.0},{"damage":16.0,"enemies":"Writhing Mass","floor":38.0,"turns":5.0},{"damage":6.0,"enemies":"Nemesis","floor":40.0,"turns":5.0},{"damage":27,"enemies":"Reptomancer","floor":42,"turns":5},{"damage":0,"enemies":"Giant Head","floor":44,"turns":2},{"damage":13,"enemies":"3 Darklings","floor":46,"turns":3},{"damage":0,"enemies":"Reptomancer","floor":48,"turns":6},{"damage":26,"enemies":"Awakened One","floor":50,"turns":8},{"damage":40,"enemies":"Donu and Deca","floor":51,"turns":5},{"damage":24,"enemies":"Shield and Spear","floor":55,"turns":5},{"damage":114,"enemies":"The Heart","floor":56,"turns":6}],"seed_played":"3855008111298239040","potions_obtained":[{"floor":1.0,"key":"Block Potion"},{"floor":7.0,"key":"Poison Potion"},{"floor":11.0,"key":"DuplicationPotion"},{"floor":14.0,"key":"Swift Potion"},{"floor":16.0,"key":"Energy Potion"},{"floor":22.0,"key":"SteroidPotion"},{"floor":25.0,"key":"SkillPotion"},{"floor":29.0,"key":"Block Potion"},{"floor":30.0,"key":"FairyPotion"},{"floor":33.0,"key":"SpeedPotion"},{"floor":35.0,"key":"Regen Potion"},{"floor":46,"key":"Ancient Potion"}],"is_trial":false,"path_per_floor":["M","M","M","$","?","R","E","R","T","R","E","M","E","M","R","B",null,"M","$","?","M","M","E","R","E","T","T","E","M","?","M","R","B",null,"M","M","?","M","$","E","R","E","T","E","$","M","$","E","R","B","B",null,"R","$","E","B",null],"character_chosen":"THE_SILENT","basemod:card_modifiers":[null,null,null,null,null,null,null,null,null,null,null,null,null,null,null,null,null,null,null,null,null,null,null,null,null,null,null,null,null,null],"items_purchased":["All Out Attack","Nunchaku","Anchor","Acrobatics","Master of Strategy"],"campfire_rested":3,"item_purchase_floors":[4,19,39,47,54],"current_hp_per_floor":[50,49,49,49,49,49,37,37,37,61,53,54,44,46,46,28,67,63,63,63,65,67,64,64,49,49,49,51,47,47,43,43,32,68,67,69,69,70,70,66,66,41,41,43,43,44,44,46,70,46,20,65,80,80,56,29],"gold":43,"neow_bonus":"HUNDRED_GOLD","is_prod":false,"is_daily":false,"chose_seed":false,"campfire_upgraded":5,"win_rate":0,"timestamp":1693088497,"path_taken":["M","M","M","$","?","R","E","R","T","R","E","M","E","M","R","BOSS","M","$","?","M","M","E","R","E","T","?","E","M","?","?","R","BOSS","M","M","?","?","$","E","R","E","T","E","$","M","?","E","R","BOSS","BOSS","R","$","E","BOSS"],"build_version":"2022-12-01","purchased_purges":2,"victory":true,"max_hp_per_floor":[66,66,66,66,66,66,80,80,80,80,80,80,80,80,80,80,80,80,80,80,80,80,80,80,80,80,80,80,80,80,80,80,80,80,80,80,80,80,80,80,80,80,80,80,80,80,80,80,80,80,80,80,80,80,80,80],"card_choices":[{"not_picked":["Terror","Poisoned Stab"],"picked":"Backstab","floor":1.0},{"not_picked":["Footwork","Dash"],"picked":"Blade Dance","floor":2.0},{"not_picked":["Distraction","Slice","Bane"],"picked":"SKIP","floor":3.0},{"not_picked":["Expertise","Leg Sweep"],"picked":"Accuracy","floor":7.0},{"not_picked":["Venomology","Finisher"],"picked":"Bouncing Flask","floor":11.0},{"not_picked":["Flying Knee","Concentrate"],"picked":"Expertise","floor":12.0},{"not_picked":["Blade Dance","Cloak And Dagger","Riddle With Holes"],"picked":"SKIP","floor":13.0},{"not_picked":["Cloak And Dagger","Escape Plan","Dagger Spray"],"picked":"SKIP","floor":14.0},{"not_picked":["Night Terror","Die Die Die"],"picked":"Corpse Explosion","floor":16.0},{"not_picked":["Noxious Fumes","Cloak And Dagger"],"picked":"Footwork","floor":18.0},{"not_picked":["Sucker Punch","Deadly Poison","Choke"],"picked":"SKIP","floor":21.0},{"not_picked":["Bouncing Flask","Catalyst"],"picked":"Tactician","floor":22.0},{"not_picked":["Dagger Throw","Heel Hook"],"picked":"PiercingWail","floor":23.0},{"not_picked":["Leg Sweep","Setup"],"picked":"Well Laid Plans","floor":25.0},{"not_picked":["A Thousand Cuts","Crippling Poison","Eviscerate"],"picked":"SKIP","floor":28.0},{"not_picked":["Blade Dance","Well Laid Plans"],"picked":"Footwork+1","floor":29.0},{"not_picked":["Deadly Poison","Poisoned Stab"],"picked":"Reflex","floor":31.0},{"not_picked":["Choke","Quick Slash+1","Accuracy+1"],"picked":"SKIP","floor":35.0},{"not_picked":["Finisher+1","Masterful Stab"],"picked":"Blade Dance","floor":36.0},{"not_picked":["Reflex","Quick Slash","Leg Sweep+1"],"picked":"SKIP","floor":38.0},{"not_picked":["Blade Dance","Deflect+1"],"picked":"Terror+1","floor":40.0},{"not_picked":["Quick Slash","Cloak And Dagger","Masterful Stab"],"picked":"SKIP","floor":42},{"not_picked":["Dagger Throw+1","PiercingWail","Deflect"],"picked":"SKIP","floor":44},{"not_picked":["Escape Plan","Predator+1","Masterful Stab+1"],"picked":"SKIP","floor":46},{"not_picked":["Cloak And Dagger","Doppelganger","Slice"],"picked":"SKIP","floor":48},{"not_picked":["Dagger Throw+1","Blade Dance+1"],"picked":"Tactician","floor":53},{"not_picked":["Infinite Blades","Terror"],"picked":"PiercingWail","floor":55}],"player_experience":113438,"relics_obtained":[{"floor":7.0,"key":"Mango"},{"floor":9.0,"key":"Dead Branch"},{"floor":11.0,"key":"Blood Vial"},{"floor":13.0,"key":"Oddly Smooth Stone"},{"floor":23.0,"key":"Meat on the Bone"},{"floor":25.0,"key":"Dream Catcher"},{"floor":26.0,"key":"Bottled Tornado"},{"floor":28.0,"key":"Unceasing Top"},{"floor":40.0,"key":"Toy Ornithopter"},{"floor":42,"key":"Shuriken"},{"floor":43,"key":"Happy Flower"},{"floor":44,"key":"Snake Skull"},{"floor":48,"key":"The Courier"},{"floor":55,"key":"Bag of Preparation"}],"event_choices":[{"damage_healed":0.0,"max_hp_gain":0.0,"max_hp_loss":0.0,"gold_gain":0.0,"event_name":"Accursed Blacksmith","player_choice":"Forge","floor":5.0,"gold_loss":0.0,"damage_taken":0.0,"cards_upgraded":["All Out Attack"]},{"damage_healed":0.0,"max_hp_gain":0.0,"max_hp_loss":0.0,"gold_gain":0.0,"event_name":"Back to Basics","player_choice":"Simplicity","floor":20.0,"gold_loss":0.0,"damage_taken":0.0,"cards_upgraded":["Strike_G","Strike_G","Strike_G","Strike_G","Defend_G","Defend_G","Defend_G","Defend_G"]},{"damage_healed":0.0,"max_hp_gain":0.0,"max_hp_loss":0.0,"gold_gain":0.0,"event_name":"The Woman in Blue","player_choice":"Bought 1 Potion","floor":30.0,"gold_loss":0.0,"damage_taken":0.0},{"damage_healed":0.0,"max_hp_gain":0.0,"max_hp_loss":0.0,"gold_gain":0.0,"event_name":"WeMeetAgain","player_choice":"Paid Gold","floor":37.0,"gold_loss":66.0,"damage_taken":0.0,"relics_obtained":["Boot"]}],"is_beta":false,"boss_relics":[{"not_picked":["SacredBark","Snecko Eye"],"picked":"SlaversCollar"},{"not_picked":["Astrolabe","Sozu"],"picked":"Fusion Hammer"}],"items_purged_floors":[4,19],"is_endless":false,"potions_floor_spawned":[1,7,11,14,16,22,25,29,33,35,36,46],"ascension_level":20}