{"gold_per_floor":[116,41,56,16,32,32,61,73,158,189,235,247,259,282,294,306],"floor_reached":16,"playtime":1804,"items_purged":[],"score":220,"play_id":"fe7ec1a6-48c1-4641-805e-485477d07a63","local_time":"20230826163018","is_ascension_mode":true,"campfire_choices":[{"data":"All Out Attack","floor":6,"key":"SMITH"},{"floor":8,"key":"REST"},{"floor":13,"key":"REST"},{"data":"Underhanded Strike","floor":15,"key":"SMITH"}],"neow_cost":"NONE","seed_source_timestamp":181233104734791,"circlet_count":0,"master_deck":["AscendersBane","Strike_G","Strike_G","Strike_G","Strike_G","Strike_G","Defend_G","Defend_G","Defend_G","Defend_G","Survivor","Neutralize","After Image","Choke","All Out Attack+1","Venomology","Escape Plan","Underhanded Strike+1"],"relics":["Ring of the Snake","MawBank","Mummified Hand","Ornamental Fan"],"potions_floor_usage":[7,11,11,14,16,16,16],"damage_taken":[{"damage":3,"enemies":"Jaw Worm","floor":1,"turns":4},{"damage":0,"enemies":"2 Louse","floor":3,"turns":2},{"damage":0,"enemies":"Cultist","floor":5,"turns":3},{"damage":45,"enemies":"Lagavulin","floor":7,"turns":8},{"damage":8,"enemies":"Blue Slaver","floor":10,"turns":4},{"damage":9,"enemies":"Gremlin Nob","floor":11,"turns":3},{"damage":0,"enemies":"Exordium Thugs","floor":14,"turns":3},{"damage":46,"enemies":"Slime Boss","floor":16,"turns":10}],"seed_played":"5265987692490916622","potions_obtained":[{"floor":1,"key":"LiquidMemories"},{"floor":10,"key":"GhostInAJar"},{"floor":11,"key":"Poison Potion"},{"floor":14,"key":"Regen Potion"}],"is_trial":false,"path_per_floor":["M","?","M","$","M","R","E","R","T","M","E","?","R","M","R","B"],"character_chosen":"THE_SILENT","basemod:card_modifiers":[null,null,null,null,null,null,null,null,null,null,null,null,null,null,null,null,null,null],"items_purchased":["All Out Attack"],"campfire_rested":2,"item_purchase_floors":[4],"current_hp_per_floor":[56,56,56,56,56,56,11,30,30,22,13,13,32,32,32,1],"gold":306,"neow_bonus":"ONE_RANDOM_RARE_CARD","is_prod":false,"is_daily":false,"chose_seed":false,"campfire_upgraded":2,"win_rate":0,"timestamp":1693081818,"path_taken":["M","?","M","$","M","R","E","R","T","M","E","?","R","M","R","BOSS"],"build_version":"2022-12-01","purchased_purges":0,"victory":false,"max_hp_per_floor":[66,66,66,66,66,66,66,66,66,66,66,66,66,66,66,66],"card_choices":[{"not_picked":["Prepared","Blade Dance"],"picked":"Choke","floor":1},{"not_picked":["Sucker Punch","Underhanded Strike","Bane"],"picked":"SKIP","floor":3},{"not_picked":["Catalyst","Footwork","Concentrate"],"picked":"SKIP","floor":5},{"not_picked":["Infinite Blades","Noxious Fumes"],"picked":"Venomology","floor":7},{"not_picked":["Slice","Outmaneuver","Tactician"],"picked":"SKIP","floor":10},{"not_picked":["Dagger Throw","Flechettes"],"picked":"Escape Plan","floor":11},{"not_picked":["Outmaneuver","Bane"],"picked":"Underhanded Strike","floor":14}],"player_experience":111137,"relics_obtained":[{"floor":7,"key":"MawBank"},{"floor":9,"key":"Mummified Hand"},{"floor":11,"key":"Ornamental Fan"}],"event_choices":[{"cards_removed":["Defend_G"],"damage_healed":0,"gold_gain":0,"player_choice":"Card Removal","damage_taken":0,"max_hp_gain":0,"max_hp_loss":0,"event_name":"The Cleric","floor":2,"gold_loss":75},{"damage_healed":0,"gold_gain":0,"player_choice":"Ignored","damage_taken":0,"max_hp_gain":0,"max_hp_loss":0,"event_name":"Liars Game","floor":12,"gold_loss":0}],"is_beta":false,"boss_relics":[],"items_purged_floors":[],"is_endless":false,"potions_floor_spawned":[1,10,11,14],"killed_by":"Slime Boss","ascension_level":20}