{"gold_per_floor":[117,136,136,151,76,108,127,127,153,172,187,187,218,238,238,314,314,326,344,344,59,69,100,100,130,176,186,201,126,43,74,74,145,145,158,158,171,191,206,206,223,223,277,295,295,326,326,326,326,326],"floor_reached":50,"playtime":4195,"items_purged":["Pain","Strike_G"],"score":1192,"play_id":"3e65c3ce-3a89-4516-b3f6-c85bf841b656","local_time":"20230911115822","is_ascension_mode":true,"campfire_choices":[{"data":"Skewer","floor":8.0,"key":"SMITH"},{"data":"Dagger Spray","floor":12.0,"key":"SMITH"},{"data":"Caltrops","floor":15.0,"key":"SMITH"},{"floor":24.0,"key":"RECALL"},{"floor":32.0,"key":"REST"},{"floor":40.0,"key":"REST"},{"floor":42.0,"key":"REST"},{"floor":45.0,"key":"REST"},{"floor":49,"key":"REST"}],"neow_cost":"NONE","seed_source_timestamp":3910407352875,"circlet_count":0,"master_deck":["AscendersBane","Survivor","Neutralize","Dagger Spray+1","Blade Dance","Terror","Skewer+1","Prepared","Deadly Poison","Caltrops+1","Backstab","Footwork","After Image","Backflip","Secret Technique+1","Dodge and Roll+1","Leg Sweep","Well Laid Plans+1","Adrenaline","Venomology","Tools of the Trade","Well Laid Plans","Slice","Footwork","Expertise","Accuracy","Noxious Fumes","Envenom","Acrobatics","PiercingWail","Master of Strategy","Violence","Discovery"],"special_seed":0,"relics":["Ring of the Snake","Bag of Marbles","WarpedTongs","Blood Vial","Akabeko","Pen Nib","Fusion Hammer","MutagenicStrength","StrikeDummy","War Paint","Strawberry","Mummified Hand","Pandora\u0027s Box","Torii"],"potions_floor_usage":[46,50,50,50],"damage_taken":[{"damage":8.0,"enemies":"Jaw Worm","floor":1.0,"turns":5.0},{"damage":1.0,"enemies":"Cultist","floor":2.0,"turns":4.0},{"damage":5.0,"enemies":"Small Slimes","floor":4.0,"turns":3.0},{"damage":3.0,"enemies":"Gremlin Nob","floor":6.0,"turns":3.0},{"damage":0.0,"enemies":"Red Slaver","floor":7.0,"turns":4.0},{"damage":0.0,"enemies":"Large Slime","floor":10.0,"turns":3.0},{"damage":1.0,"enemies":"Exordium Thugs","floor":11.0,"turns":3.0},{"damage":10.0,"enemies":"3 Sentries","floor":13.0,"turns":2.0},{"damage":6.0,"enemies":"2 Fungi Beasts","floor":14.0,"turns":2.0},{"damage":21.0,"enemies":"Hexaghost","floor":16.0,"turns":8.0},{"damage":0.0,"enemies":"Chosen","floor":18.0,"turns":1.0},{"damage":0.0,"enemies":"2 Thieves","floor":19.0,"turns":1.0},{"damage":0.0,"enemies":"Chosen and Byrds","floor":22.0,"turns":1.0},{"damage":0.0,"enemies":"Book of Stabbing","floor":23.0,"turns":1.0},{"damage":0.0,"enemies":"Slavers","floor":25.0,"turns":1.0},{"damage":13.0,"enemies":"Shelled Parasite and Fungi","floor":27.0,"turns":3.0},{"damage":0.0,"enemies":"Centurion and Healer","floor":28.0,"turns":2.0},{"damage":2.0,"enemies":"Gremlin Leader","floor":31.0,"turns":6.0},{"damage":4.0,"enemies":"Champ","floor":33.0,"turns":8.0},{"damage":0.0,"enemies":"3 Shapes","floor":35.0,"turns":5.0},{"damage":36.0,"enemies":"3 Darklings","floor":37.0,"turns":4.0},{"damage":24.0,"enemies":"Sphere and 2 Shapes","floor":38.0,"turns":4.0},{"damage":1.0,"enemies":"Maw","floor":39.0,"turns":4.0},{"damage":5.0,"enemies":"3 Darklings","floor":41.0,"turns":4.0},{"damage":0.0,"enemies":"Sphere and 2 Shapes","floor":44.0,"turns":1.0},{"damage":2,"enemies":"Giant Head","floor":46,"turns":5},{"damage":79,"enemies":"Awakened One","floor":50,"turns":6}],"seed_played":"-4539661927113924847","potions_obtained":[{"floor":2.0,"key":"Fire Potion"},{"floor":4.0,"key":"Poison Potion"},{"floor":6.0,"key":"DistilledChaos"},{"floor":7.0,"key":"Energy Potion"},{"floor":13.0,"key":"Strength Potion"},{"floor":19.0,"key":"CunningPotion"},{"floor":27.0,"key":"DuplicationPotion"},{"floor":28.0,"key":"PowerPotion"},{"floor":41.0,"key":"SkillPotion"}],"is_trial":false,"path_per_floor":["M","M","?","M","$","E","M","R","T","M","M","R","E","M","R","B",null,"M","M","?","$","M","E","R","E","T","M","M","?","$","E","R","B",null,"M","?","M","M","M","R","M","R","T","M","R","E","?","?","R","B"],"character_chosen":"THE_SILENT","basemod:card_modifiers":[null,null,null,null,null,null,null,null,null,null,null,null,null,null,null,null,null,null,null,null,null,null,null,null,null,null,null,null,null,null,null,null,null],"items_purchased":["Secret Technique","Adrenaline"],"campfire_rested":5,"item_purchase_floors":[21,30],"current_hp_per_floor":[51,50,50,45,45,42,44,44,44,46,47,47,39,35,35,16,54,56,58,58,58,60,62,62,64,71,60,62,62,62,62,73,69,72,73,73,37,15,16,37,34,55,55,57,73,71,61,61,73,0],"gold":326,"neow_bonus":"RANDOM_COMMON_RELIC","is_prod":false,"is_daily":false,"chose_seed":false,"campfire_upgraded":3,"win_rate":1,"timestamp":1694447902,"path_taken":["M","M","?","M","$","E","M","R","T","M","M","R","E","?","R","BOSS","M","M","?","$","M","E","R","E","T","M","M","?","?","E","R","BOSS","M","?","M","M","M","R","M","R","T","M","R","E","?","?","R","BOSS"],"build_version":"2022-12-01","purchased_purges":2,"victory":false,"max_hp_per_floor":[66,66,66,66,66,66,66,66,66,66,66,66,66,66,66,66,66,66,66,66,66,66,66,66,66,73,73,73,73,73,73,73,73,73,73,73,73,73,73,73,73,73,73,73,73,73,73,73,73,73],"card_choices":[{"not_picked":["Flying Knee","Catalyst"],"picked":"Dagger Spray","floor":1.0},{"not_picked":["Cloak And Dagger","Deflect"],"picked":"Blade Dance","floor":2.0},{"not_picked":["Concentrate","Wraith Form v2"],"picked":"Terror","floor":4.0},{"not_picked":["Backflip","Reflex"],"picked":"Skewer","floor":6.0},{"not_picked":["Poisoned Stab","Dagger Throw"],"picked":"Prepared","floor":7.0},{"not_picked":["PiercingWail","Masterful Stab"],"picked":"Deadly Poison","floor":10.0},{"not_picked":["Escape Plan","Cloak And Dagger"],"picked":"Caltrops","floor":11.0},{"not_picked":["Sucker Punch","Prepared"],"picked":"Backstab","floor":13.0},{"not_picked":["Endless Agony","Cloak And Dagger"],"picked":"Footwork","floor":14.0},{"not_picked":["Die Die Die","Phantasmal Killer"],"picked":"After Image","floor":16.0},{"not_picked":["Sucker Punch","Prepared","Poisoned Stab"],"picked":"SKIP","floor":18.0},{"not_picked":["Sucker Punch","Prepared","Poisoned Stab"],"picked":"SKIP","floor":18.0},{"not_picked":["Bane","Reflex"],"picked":"Backflip","floor":19.0},{"not_picked":["Terror","Slice"],"picked":"Dodge and Roll","floor":22.0},{"not_picked":["Dagger Throw","Bane"],"picked":"Leg Sweep","floor":23.0},{"not_picked":["Dagger Spray","Accuracy","Backstab"],"picked":"SKIP","floor":25.0},{"not_picked":["A Thousand Cuts","Quick Slash"],"picked":"Well Laid Plans+1","floor":27.0},{"not_picked":["Slice","Caltrops","Dagger Spray"],"picked":"SKIP","floor":28.0},{"not_picked":["Acrobatics","Heel Hook"],"picked":"Venomology","floor":31.0},{"not_picked":["Glass Knife","Doppelganger"],"picked":"Tools of the Trade","floor":33.0},{"not_picked":["Well Laid Plans+1","Deflect","Bane"],"picked":"SKIP","floor":35.0},{"not_picked":["Well Laid Plans+1","Deflect","Bane"],"picked":"SKIP","floor":35.0},{"not_picked":["Sucker Punch","Endless Agony+1","Quick Slash"],"picked":"SKIP","floor":37.0},{"not_picked":["Flechettes","Prepared"],"picked":"Acrobatics","floor":38.0},{"not_picked":["Flying Knee","Blade Dance","Setup"],"picked":"SKIP","floor":39.0},{"not_picked":["Caltrops","Noxious Fumes","Poisoned Stab"],"picked":"SKIP","floor":41.0},{"not_picked":["Caltrops","Noxious Fumes","Poisoned Stab"],"picked":"SKIP","floor":41.0},{"not_picked":["Flying Knee","Caltrops","Poisoned Stab"],"picked":"SKIP","floor":44.0},{"not_picked":["Backflip","Terror+1"],"picked":"PiercingWail","floor":46},{"not_picked":["Chrysalis","Transmutation"],"picked":"Master of Strategy","floor":47},{"not_picked":["Chrysalis","Blind"],"picked":"Violence","floor":47},{"not_picked":["Purity","Dramatic Entrance"],"picked":"Discovery","floor":47}],"player_experience":93207,"relics_obtained":[{"floor":6.0,"key":"Blood Vial"},{"floor":9.0,"key":"Akabeko"},{"floor":13.0,"key":"Pen Nib"},{"floor":23.0,"key":"StrikeDummy"},{"floor":25.0,"key":"War Paint"},{"floor":26.0,"key":"Strawberry"},{"floor":31.0,"key":"Mummified Hand"},{"floor":46,"key":"Torii"}],"event_choices":[{"damage_healed":0.0,"max_hp_gain":0.0,"max_hp_loss":0.0,"gold_gain":0.0,"event_name":"Accursed Blacksmith","player_choice":"Rummage","floor":3.0,"gold_loss":0.0,"damage_taken":0.0,"relics_obtained":["WarpedTongs"],"cards_obtained":["Pain"]},{"damage_healed":0.0,"max_hp_gain":0.0,"max_hp_loss":0.0,"gold_gain":0.0,"event_name":"Drug Dealer","player_choice":"Inject Mutagens","floor":20.0,"gold_loss":0.0,"damage_taken":0.0,"relics_obtained":["MutagenicStrength"]},{"cards_removed":["Defend_G"],"damage_healed":0.0,"max_hp_gain":0.0,"max_hp_loss":0.0,"gold_gain":0.0,"event_name":"Beggar","player_choice":"Gave Gold","floor":29.0,"gold_loss":75.0,"damage_taken":0.0},{"damage_healed":0.0,"max_hp_gain":0.0,"max_hp_loss":0.0,"gold_gain":0.0,"event_name":"Tomb of Lord Red Mask","player_choice":"Ignored","floor":36.0,"gold_loss":0.0,"damage_taken":0.0},{"damage_healed":0,"gold_gain":0,"player_choice":"Memory 3","damage_taken":10,"max_hp_gain":0,"max_hp_loss":0,"event_name":"SensoryStone","floor":47,"gold_loss":0},{"cards_removed":["Outmaneuver"],"damage_healed":0,"gold_gain":0,"player_choice":"Card Removal","damage_taken":0,"max_hp_gain":0,"max_hp_loss":0,"event_name":"Wheel of Change","floor":48,"gold_loss":0}],"is_beta":false,"boss_relics":[{"not_picked":["Busted Crown","Ectoplasm"],"picked":"Fusion Hammer"},{"not_picked":["Calling Bell","Empty Cage"],"picked":"Pandora\u0027s Box"}],"items_purged_floors":[5,21],"is_endless":false,"potions_floor_spawned":[2,4,6,7,13,19,27,28,31,37,41],"killed_by":"Awakened One","ascension_level":20}