{"gold_per_floor":[117,192,204,40,40,40,67,67,67,130,130,144,157,192,192,265,265,278,292,138,171,171,171,197,208,208,208,227,22,22,40,40,40],"floor_reached":33,"playtime":2712,"items_purged":["Strike_G","Strike_G","Decay"],"score":596,"play_id":"af8e277c-d5ce-421b-8250-c30b9b495f23","local_time":"20230919121455","is_ascension_mode":true,"campfire_choices":[{"data":"Unload","floor":6.0,"key":"SMITH"},{"floor":8.0,"key":"REST"},{"data":"Terror","floor":11.0,"key":"SMITH"},{"data":"Footwork","floor":15,"key":"SMITH"},{"floor":23,"key":"REST"},{"floor":30,"key":"REST"},{"floor":32,"key":"REST"}],"neow_cost":"NONE","seed_source_timestamp":204703615120083,"circlet_count":0,"master_deck":["AscendersBane","Strike_G","Strike_G","Defend_G","Defend_G","Defend_G","Defend_G","Survivor","Neutralize","Noxious Fumes","Flying Knee","Unload+1","Tactician","Terror+1","Caltrops","Footwork+1","After Image","Acrobatics","PiercingWail","Calculated Gamble","Predator","Dodge and Roll","Footwork","Night Terror"],"special_seed":0,"relics":["Ring of the Snake","NeowsBlessing","Strawberry","Centennial Puzzle","Pen Nib","Regal Pillow","Fusion Hammer","Red Mask","Ninja Scroll","Oddly Smooth Stone"],"potions_floor_usage":[16,19,21,25,28,33],"damage_taken":[{"damage":0.0,"enemies":"Cultist","floor":1.0,"turns":1.0},{"damage":0.0,"enemies":"Small Slimes","floor":3.0,"turns":1.0},{"damage":0.0,"enemies":"Gremlin Nob","floor":7.0,"turns":1.0},{"damage":34.0,"enemies":"3 Sentries","floor":10.0,"turns":8.0},{"damage":0.0,"enemies":"2 Louse","floor":12.0,"turns":2.0},{"damage":0.0,"enemies":"Looter","floor":13.0,"turns":2.0},{"damage":17,"enemies":"Lagavulin","floor":14,"turns":7},{"damage":10,"enemies":"The Guardian","floor":16,"turns":10},{"damage":4,"enemies":"Shell Parasite","floor":18,"turns":5},{"damage":1,"enemies":"2 Thieves","floor":19,"turns":4},{"damage":40,"enemies":"Masked Bandits","floor":21,"turns":5},{"damage":16,"enemies":"Book of Stabbing","floor":24,"turns":5},{"damage":7,"enemies":"Snake Plant","floor":25,"turns":3},{"damage":5,"enemies":"Shelled Parasite and Fungi","floor":28,"turns":5},{"damage":8,"enemies":"Centurion and Healer","floor":31,"turns":8},{"damage":82,"enemies":"Champ","floor":33,"turns":13}],"seed_played":"3438412383988192862","potions_obtained":[{"floor":3.0,"key":"BlessingOfTheForge"},{"floor":10.0,"key":"FearPotion"},{"floor":12.0,"key":"SteroidPotion"},{"floor":18,"key":"Strength Potion"},{"floor":24,"key":"AttackPotion"},{"floor":25,"key":"Ancient Potion"}],"is_trial":false,"path_per_floor":["M","?","M","$","?","R","E","R","T","?","R","M","M","E","R","B",null,"M","M","$","?","?","R","E","M","T","?","M","$","R","M","R","B"],"character_chosen":"THE_SILENT","basemod:card_modifiers":[null,null,null,null,null,null,null,null,null,null,null,null,null,null,null,null,null,null,null,null,null,null,null,null],"items_purchased":["Unload","SteroidPotion","Footwork"],"campfire_rested":4,"item_purchase_floors":[4,20,29],"current_hp_per_floor":[59,48,48,48,41,41,48,69,69,35,35,35,35,18,18,8,57,53,52,52,12,12,48,32,25,25,25,20,20,56,48,73,0],"gold":40,"neow_bonus":"THREE_ENEMY_KILL","is_prod":false,"is_daily":false,"chose_seed":false,"campfire_upgraded":3,"win_rate":0,"timestamp":1695140095,"path_taken":["M","?","M","$","?","R","E","R","T","?","R","M","M","E","R","BOSS","M","M","$","?","?","R","E","?","T","?","M","$","R","M","R","BOSS"],"build_version":"2022-12-01","purchased_purges":3,"victory":false,"max_hp_per_floor":[66,66,66,66,66,66,73,73,73,73,73,73,73,73,73,73,73,73,73,73,73,73,73,73,73,73,73,73,73,73,73,73,73],"card_choices":[{"not_picked":["Outmaneuver","Cloak And Dagger"],"picked":"Noxious Fumes","floor":1.0},{"not_picked":["Deadly Poison","Flechettes"],"picked":"Flying Knee","floor":3.0},{"not_picked":["Bane","A Thousand Cuts"],"picked":"Tactician","floor":7.0},{"not_picked":["Deflect","Poisoned Stab"],"picked":"Terror","floor":10.0},{"not_picked":["Slice","Finisher"],"picked":"Caltrops","floor":12.0},{"not_picked":["Cloak And Dagger","Infinite Blades","Accuracy"],"picked":"SKIP","floor":13.0},{"not_picked":["Outmaneuver","Acrobatics"],"picked":"Footwork","floor":14},{"not_picked":["Burst","Glass Knife"],"picked":"After Image","floor":16},{"not_picked":["Slice+1","Deflect"],"picked":"Acrobatics","floor":18},{"not_picked":["Distraction+1","Expertise"],"picked":"PiercingWail","floor":19},{"not_picked":["Prepared","Cloak And Dagger"],"picked":"Calculated Gamble","floor":21},{"not_picked":["Dagger Throw","Finisher"],"picked":"Predator","floor":24},{"not_picked":["Dash","Accuracy"],"picked":"Dodge and Roll","floor":25},{"not_picked":["Deadly Poison","Concentrate","Accuracy"],"picked":"SKIP","floor":28},{"not_picked":["Bane+1","PiercingWail"],"picked":"Night Terror","floor":31}],"player_experience":136208,"relics_obtained":[{"floor":7.0,"key":"Strawberry"},{"floor":9.0,"key":"Centennial Puzzle"},{"floor":10.0,"key":"Pen Nib"},{"floor":14,"key":"Regal Pillow"},{"floor":21,"key":"Red Mask"},{"floor":24,"key":"Ninja Scroll"},{"floor":26,"key":"Oddly Smooth Stone"}],"event_choices":[{"damage_healed":0.0,"max_hp_gain":0.0,"max_hp_loss":0.0,"gold_gain":75.0,"event_name":"World of Goop","player_choice":"Gather Gold","floor":2.0,"gold_loss":0.0,"damage_taken":11.0},{"cards_removed":["Defend_G"],"damage_healed":0.0,"max_hp_gain":0.0,"max_hp_loss":0.0,"gold_gain":0.0,"event_name":"Golden Wing","player_choice":"Card Removal","floor":5.0,"gold_loss":0.0,"damage_taken":7.0},{"damage_healed":0.0,"max_hp_gain":0.0,"max_hp_loss":0.0,"gold_gain":0.0,"event_name":"Dead Adventurer","player_choice":"Searched \u00271\u0027 times","floor":10.0,"gold_loss":0.0,"damage_taken":0.0},{"damage_healed":0,"gold_gain":0,"player_choice":"Fought Bandits","damage_taken":0,"max_hp_gain":0,"max_hp_loss":0,"event_name":"Masked Bandits","floor":21,"gold_loss":0},{"cards_removed":["Strike_G"],"damage_healed":0,"gold_gain":0,"player_choice":"Purged","damage_taken":0,"max_hp_gain":0,"max_hp_loss":0,"event_name":"Purifier","floor":22,"gold_loss":0},{"damage_healed":0,"gold_gain":0,"player_choice":"Smashed Altar","damage_taken":0,"max_hp_gain":0,"max_hp_loss":0,"event_name":"Forgotten Altar","floor":27,"gold_loss":0,"cards_obtained":["Decay"]}],"is_beta":false,"boss_relics":[{"not_picked":["Ectoplasm","WristBlade"],"picked":"Fusion Hammer"}],"items_purged_floors":[4,20,29],"is_endless":false,"potions_floor_spawned":[3,10,12,14,18,24,25],"killed_by":"Champ","ascension_level":20}