{"gold_per_floor":[18,29,47,47,47,47,88,88,135,135,172,201,201],"floor_reached":13,"playtime":3536,"items_purged":[],"score":186,"play_id":"0a8a5dc2-6a8e-451c-88b9-b1e43e2f4058","local_time":"20230919112739","is_ascension_mode":true,"campfire_choices":[{"data":"Masterful Stab","floor":6.0,"key":"SMITH"},{"floor":8.0,"key":"REST"},{"floor":10.0,"key":"REST"}],"neow_cost":"NO_GOLD","seed_source_timestamp":200989411660666,"circlet_count":0,"master_deck":["AscendersBane","Strike_G","Strike_G","Strike_G","Strike_G","Defend_G","Defend_G","Defend_G","Survivor","Neutralize","Calculated Gamble","Night Terror","Acrobatics","Blade Dance","Masterful Stab+1","Crippling Poison","PiercingWail","Noxious Fumes"],"special_seed":0,"relics":["Ring of the Snake","CeramicFish","MealTicket","Bag of Preparation"],"potions_floor_usage":[13,13],"damage_taken":[{"damage":16.0,"enemies":"Small Slimes","floor":1.0,"turns":5.0},{"damage":5.0,"enemies":"Jaw Worm","floor":2.0,"turns":5.0},{"damage":1.0,"enemies":"Cultist","floor":3.0,"turns":3.0},{"damage":44.0,"enemies":"3 Sentries","floor":7.0,"turns":12.0},{"damage":25.0,"enemies":"Lagavulin","floor":11.0,"turns":5.0},{"damage":5,"enemies":"Red Slaver","floor":12,"turns":4},{"damage":22,"enemies":"3 Sentries","floor":13,"turns":6}],"seed_played":"294261023050038420","potions_obtained":[{"floor":3.0,"key":"GhostInAJar"},{"floor":11.0,"key":"FearPotion"}],"is_trial":false,"path_per_floor":["M","M","M","?","?","R","E","R","T","R","E","M","E"],"character_chosen":"THE_SILENT","basemod:card_modifiers":[null,null,null,null,null,null,null,null,null,null,null,null,null,null,null,null,null,null],"items_purchased":[],"campfire_rested":2,"item_purchase_floors":[],"current_hp_per_floor":[43,38,37,59,52,52,8,27,27,46,21,16,0],"gold":201,"neow_bonus":"TRANSFORM_TWO_CARDS","is_prod":false,"is_daily":false,"chose_seed":false,"campfire_upgraded":1,"win_rate":0,"timestamp":1695137259,"path_taken":["M","M","M","?","?","R","E","R","T","R","E","M","E"],"build_version":"2022-12-01","purchased_purges":0,"victory":false,"max_hp_per_floor":[66,66,66,66,66,66,66,66,66,66,66,66,66],"card_choices":[{"not_picked":["Outmaneuver","Deflect"],"picked":"Acrobatics","floor":1.0},{"not_picked":["Expertise","Blur"],"picked":"Blade Dance","floor":2.0},{"not_picked":["PiercingWail","Skewer"],"picked":"Masterful Stab","floor":3.0},{"not_picked":["Bullet Time","Well Laid Plans"],"picked":"Crippling Poison","floor":7.0},{"not_picked":["Infinite Blades","Sucker Punch"],"picked":"PiercingWail","floor":11.0},{"not_picked":["Cloak And Dagger","Deadly Poison"],"picked":"Noxious Fumes","floor":12}],"player_experience":132672,"relics_obtained":[{"floor":7.0,"key":"CeramicFish"},{"floor":9.0,"key":"MealTicket"},{"floor":11.0,"key":"Bag of Preparation"}],"event_choices":[{"damage_healed":22.0,"max_hp_gain":0.0,"max_hp_loss":0.0,"gold_gain":0.0,"event_name":"Big Fish","player_choice":"Banana","floor":4.0,"gold_loss":0.0,"damage_taken":0.0},{"cards_removed":["Defend_G"],"damage_healed":0.0,"max_hp_gain":0.0,"max_hp_loss":0.0,"gold_gain":0.0,"event_name":"Golden Wing","player_choice":"Card Removal","floor":5.0,"gold_loss":0.0,"damage_taken":7.0}],"is_beta":false,"boss_relics":[],"items_purged_floors":[],"is_endless":false,"potions_floor_spawned":[3,11],"killed_by":"3 Sentries","ascension_level":20}