{"gold_per_floor":[20,37,0,0,19,19,46,46,46,66,83,117,37,70,70,147,147,158,158,16,16,41,70,70,86,386,416,416,433,433,452,452,530,530,543,590,812,825,825,825,845,855,855,143,143,158,158],"floor_reached":47,"playtime":3058,"items_purged":["Strike_G","Strike_G","Strike_G"],"score":1091,"play_id":"05d85b08-d442-49b9-9ffa-7770c954fbd2","local_time":"20231022092410","is_ascension_mode":true,"campfire_choices":[{"data":"Blade Dance","floor":6.0,"key":"SMITH"},{"floor":8,"key":"REST"},{"data":"1","floor":15,"key":"LIFT"},{"floor":24,"key":"REST"},{"data":"2","floor":28,"key":"LIFT"},{"floor":30,"key":"REST"},{"data":"Footwork","floor":32,"key":"SMITH"},{"data":"A Thousand Cuts","floor":40,"key":"SMITH"},{"floor":45,"key":"RECALL"}],"neow_cost":"NO_GOLD","seed_source_timestamp":215753198767208,"circlet_count":0,"master_deck":["AscendersBane","Strike_G","Defend_G","Defend_G","Defend_G","Defend_G","Survivor","Neutralize","Finisher","Deflect","Slice","Blade Dance+1","Blade Dance","Accuracy","A Thousand Cuts+1","PiercingWail","After Image","Expertise","Footwork+1","Prepared","Dodge and Roll","Choke+1","Die Die Die","Dodge and Roll+1","Well Laid Plans","Night Terror","Adrenaline","Blur"],"special_seed":0,"relics":["Ring of the Snake","PreservedInsect","The Courier","Pen Nib","Girya","Philosopher\u0027s Stone","Red Mask","The Specimen","Old Coin","Omamori","Calling Bell","Orichalcum","Mercury Hourglass","Thread and Needle","Ice Cream","Ornamental Fan"],"potions_floor_usage":[12,14,16,16,22,27,36,36,42,44,46,47],"damage_taken":[{"damage":4.0,"enemies":"Small Slimes","floor":1.0,"turns":4.0},{"damage":8.0,"enemies":"Jaw Worm","floor":2.0,"turns":5.0},{"damage":0.0,"enemies":"Cultist","floor":5.0,"turns":3.0},{"damage":39,"enemies":"Gremlin Nob","floor":7,"turns":4},{"damage":7,"enemies":"3 Louse","floor":10,"turns":4},{"damage":0,"enemies":"Looter","floor":11,"turns":3},{"damage":0,"enemies":"3 Sentries","floor":12,"turns":6},{"damage":0,"enemies":"Lagavulin","floor":14,"turns":6},{"damage":8,"enemies":"The Guardian","floor":16,"turns":7},{"damage":9,"enemies":"Shell Parasite","floor":18,"turns":5},{"damage":30,"enemies":"Masked Bandits","floor":22,"turns":4},{"damage":10,"enemies":"Book of Stabbing","floor":23,"turns":5},{"damage":0,"enemies":"Chosen","floor":25,"turns":3},{"damage":11,"enemies":"Slavers","floor":27,"turns":5},{"damage":11,"enemies":"Snake Plant","floor":29,"turns":4},{"damage":0,"enemies":"3 Cultists","floor":31,"turns":4},{"damage":20,"enemies":"Champ","floor":33,"turns":11},{"damage":0,"enemies":"3 Shapes","floor":35,"turns":2},{"damage":17,"enemies":"2 Orb Walkers","floor":36,"turns":4},{"damage":0,"enemies":"Orb Walker","floor":38,"turns":3},{"damage":6,"enemies":"4 Shapes","floor":41,"turns":5},{"damage":14,"enemies":"Jaw Worm Horde","floor":42,"turns":4},{"damage":10,"enemies":"Sphere and 2 Shapes","floor":46,"turns":4},{"damage":8,"enemies":"Spire Growth","floor":47,"turns":2}],"seed_played":"8736689119067462018","potions_obtained":[{"floor":5.0,"key":"Regen Potion"},{"floor":10,"key":"Swift Potion"},{"floor":12,"key":"PowerPotion"},{"floor":14,"key":"DistilledChaos"},{"floor":18,"key":"Ancient Potion"},{"floor":23,"key":"Dexterity Potion"},{"floor":27,"key":"GamblersBrew"},{"floor":33,"key":"Energy Potion"},{"floor":38,"key":"SpeedPotion"},{"floor":46,"key":"Explosive Potion"}],"is_trial":false,"path_per_floor":["M","M","?","?","M","R","E","R","T","M","M","E","$","E","R","B",null,"M","?","$","?","?","E","R","M","T","E","R","M","R","M","R","B",null,"M","?","?","M","?","R","M","M","T","$","R","M","M"],"character_chosen":"THE_SILENT","basemod:card_modifiers":[null,null,null,null,null,null,null,null,null,null,null,null,null,null,null,null,null,null,null,null,null,null,null,null,null,null,null,null],"items_purchased":["PiercingWail","Footwork","Well Laid Plans","EntropicBrew","Ornamental Fan","Night Terror","Adrenaline"],"campfire_rested":3,"item_purchase_floors":[13,20,44,44,44,44,44],"current_hp_per_floor":[55,47,47,42,42,42,3,22,22,15,15,30,30,30,30,22,55,46,46,46,59,29,19,38,38,38,27,27,16,35,35,35,15,53,53,36,36,36,36,36,30,16,16,16,16,6,0],"gold":158,"neow_bonus":"TRANSFORM_TWO_CARDS","is_prod":false,"is_daily":false,"chose_seed":false,"campfire_upgraded":3,"win_rate":0,"timestamp":1697981050,"path_taken":["M","M","?","?","M","R","E","R","T","M","M","E","?","E","R","BOSS","M","?","$","?","?","E","R","M","T","E","R","?","R","?","R","BOSS","M","?","?","M","?","R","M","?","T","$","R","M","M"],"build_version":"2022-12-01","purchased_purges":3,"victory":false,"max_hp_per_floor":[66,66,66,66,66,66,66,66,66,66,66,66,66,66,66,66,66,66,66,66,66,66,66,66,66,66,66,66,66,66,66,66,66,66,66,66,66,66,66,66,66,66,66,66,66,66,66],"card_choices":[{"not_picked":["Bane","Escape Plan"],"picked":"Slice","floor":1.0},{"not_picked":["Caltrops","PiercingWail"],"picked":"Blade Dance","floor":2.0},{"not_picked":["Concentrate","Flying Knee","Choke"],"picked":"SKIP","floor":5.0},{"not_picked":["Unload","Caltrops"],"picked":"Noxious Fumes","floor":7},{"not_picked":["Underhanded Strike","Bane"],"picked":"Blade Dance","floor":10},{"not_picked":["Riddle With Holes","Eviscerate"],"picked":"Accuracy","floor":11},{"not_picked":["Dash","PiercingWail"],"picked":"A Thousand Cuts","floor":12},{"not_picked":["Quick Slash","Blade Dance","Glass Knife"],"picked":"SKIP","floor":14},{"not_picked":["Die Die Die","Phantasmal Killer"],"picked":"After Image","floor":16},{"not_picked":["Cloak And Dagger","Finisher"],"picked":"Expertise","floor":18},{"not_picked":["Blade Dance","Backstab"],"picked":"Prepared","floor":22},{"not_picked":["Quick Slash","Underhanded Strike"],"picked":"Dodge and Roll","floor":23},{"not_picked":["Bouncing Flask","Backstab","Blade Dance"],"picked":"SKIP","floor":25},{"not_picked":["Setup","Dash","Catalyst"],"picked":"SKIP","floor":27},{"not_picked":["Reflex","Dodge and Roll"],"picked":"Choke+1","floor":29},{"not_picked":["Finisher","Tactician","Dodge and Roll"],"picked":"SKIP","floor":31},{"not_picked":["Bullet Time","Glass Knife"],"picked":"Die Die Die","floor":33},{"not_picked":["Underhanded Strike","Slice","Heel Hook"],"picked":"SKIP","floor":35},{"not_picked":["Infinite Blades","Deadly Poison"],"picked":"Dodge and Roll+1","floor":36},{"not_picked":["Bouncing Flask","Sucker Punch","Predator"],"picked":"SKIP","floor":38},{"not_picked":["Outmaneuver","Deflect","Flying Knee"],"picked":"SKIP","floor":41},{"not_picked":["Sucker Punch+1","Prepared","Escape Plan"],"picked":"SKIP","floor":42},{"not_picked":["Flying Knee","Deflect"],"picked":"Blur","floor":46}],"player_experience":193025,"relics_obtained":[{"floor":7,"key":"PreservedInsect"},{"floor":9,"key":"The Courier"},{"floor":12,"key":"Pen Nib"},{"floor":14,"key":"Girya"},{"floor":22,"key":"Red Mask"},{"floor":23,"key":"The Specimen"},{"floor":26,"key":"Old Coin"},{"floor":27,"key":"Omamori"},{"floor":34,"key":"Orichalcum"},{"floor":34,"key":"Mercury Hourglass"},{"floor":34,"key":"Thread and Needle"},{"floor":36,"key":"Ice Cream"}],"event_choices":[{"damage_healed":0.0,"max_hp_gain":0.0,"max_hp_loss":0.0,"gold_gain":0.0,"event_name":"World of Goop","player_choice":"Left Gold","floor":3.0,"gold_loss":37.0,"damage_taken":0.0},{"damage_healed":0.0,"max_hp_gain":0.0,"max_hp_loss":0.0,"gold_gain":0.0,"event_name":"Scrap Ooze","player_choice":"Fled","floor":4.0,"gold_loss":0.0,"damage_taken":5.0},{"damage_healed":0,"gold_gain":0,"player_choice":"Ignored","damage_taken":0,"max_hp_gain":0,"max_hp_loss":0,"event_name":"Vampires","floor":19,"gold_loss":0},{"damage_healed":13,"gold_gain":0,"player_choice":"Heal","damage_taken":0,"max_hp_gain":0,"max_hp_loss":0,"event_name":"The Library","floor":21,"gold_loss":0},{"damage_healed":0,"gold_gain":0,"player_choice":"Fought Bandits","damage_taken":0,"max_hp_gain":0,"max_hp_loss":0,"event_name":"Masked Bandits","floor":22,"gold_loss":0},{"damage_healed":0,"gold_gain":0,"player_choice":"Fight","damage_taken":0,"max_hp_gain":0,"max_hp_loss":0,"event_name":"Mysterious Sphere","floor":36,"gold_loss":0},{"damage_healed":0,"gold_gain":222,"player_choice":"Wore Mask","damage_taken":0,"max_hp_gain":0,"max_hp_loss":0,"event_name":"Tomb of Lord Red Mask","floor":37,"gold_loss":0},{"cards_removed":["Noxious Fumes"],"damage_healed":0,"gold_gain":0,"player_choice":"Removed Power","damage_taken":0,"max_hp_gain":0,"max_hp_loss":0,"event_name":"Falling","floor":39,"gold_loss":0}],"is_beta":false,"boss_relics":[{"not_picked":["Snecko Eye","Astrolabe"],"picked":"Philosopher\u0027s Stone"},{"not_picked":["SlaversCollar","Ring of the Serpent"],"picked":"Calling Bell"}],"items_purged_floors":[13,20,44],"is_endless":false,"potions_floor_spawned":[5,10,12,14,18,23,27,33,35,38,46],"killed_by":"Spire Growth","ascension_level":20}