{"neow_bonuses_skipped_log":["UPGRADE_CARD","ONE_RARE_RELIC","BOSS_RELIC"],"neow_costs_skipped_log":["NONE","CURSE","NONE"],"potions_obtained_entropic_brew":[[],[],[],[],[],[],[],[],[],[],[],[],[],[],[],[],[],[],[],[],[],[],[],[],[],[],[],[],[],[],[],[],[],[],[],[],[],[],[],[],[],[],[],[],[],[],[],[],[],[],[],[],[],[],[],[],[]],"gold_per_floor":[118,135,146,50,66,66,83,83,108,126,160,160,160,186,186,265,265,275,275,190,28,47,47,82,7,7,7,22,48,65,78,78,157,157,172,182,200,210,235,261,261,288,314,334,347,373,392,392,392,392,392,392,392,21,51,51],"floor_reached":57,"playtime":4481,"items_purged":["Strike_G"],"score":2967,"play_id":"bd68cd84-c8f5-4a91-89f2-cb4be023580e","local_time":"20231103101253","score_breakdown":["Floors Climbed (57): 285","Enemies Slain (18): 36","Exordium Elites Killed (2): 20","City Elites Killed (2): 40","Beyond Elites Killed (3): 90","Bosses Slain (5): 750","Librarian: 25","Champion (4): 100","Overkill: 25","Ascension (20): 1346","Heartbreaker: 250"],"is_ascension_mode":true,"potions_obtained_alchemize":[[],[],[],[],[],[],[],[],[],[],[],[],[],[],[],["SteroidPotion"],[],["Explosive Potion"],[],[],[],["FearPotion"],[],[],[],[],[],["SkillPotion"],["Block Potion"],["AttackPotion"],["GamblersBrew"],[],["SteroidPotion"],[],["EssenceOfSteel"],["AttackPotion"],["Explosive Potion"],["Poison Potion"],[],["CunningPotion"],[],["SpeedPotion"],[],["Explosive Potion","Poison Potion"],["Ancient Potion"],["LiquidMemories"],["FearPotion"],[],[],["GamblersBrew"],["FairyPotion"],[],[],[],[],["Ancient Potion"],[]],"campfire_choices":[{"data":"Bouncing Flask","floor":6.0,"key":"SMITH"},{"data":"Choke","floor":8.0,"key":"SMITH"},{"floor":12.0,"key":"REST"},{"data":"Catalyst","floor":15.0,"key":"SMITH"},{"floor":23,"key":"REST"},{"floor":32,"key":"REST"},{"floor":41,"key":"RECALL"},{"floor":49,"key":"REST"},{"floor":53,"key":"REST"}],"lesson_learned_per_floor":[[],[],[],[],[],[],[],[],[],[],[],[],[],[],[],[],[],[],[],[],[],[],[],[],[],[],[],[],[],[],[],[],[],[],[],[],[],[],[],[],[],[],[],[],[],[],[],[],[],[],[],[],[],[],[],[],[]],"neow_cost":"NONE","improvable_cards":{},"seed_source_timestamp":0,"shop_contents":[{"floor":4,"relics":["War Paint","Eternal Feather","TheAbacus"],"cards":["Endless Agony","Heel Hook","Escape Plan","Caltrops","Forethought","Secret Weapon"],"potions":["ColorlessPotion","Ancient Potion"]},{"floor":21,"relics":["Whetstone","Blood Vial"],"cards":["Grand Finale","Skewer","Crippling Poison","Terror","Footwork","Discovery","Secret Technique"],"potions":["BlessingOfTheForge","Energy Potion","Block Potion"]},{"floor":25,"relics":["Strawberry","Matryoshka","Medical Kit"],"cards":["Sucker Punch","Skewer","Bouncing Flask","Malaise","Infinite Blades","Bandage Up","Secret Weapon"],"potions":["SpeedPotion","SkillPotion","Explosive Potion"]},{"floor":54,"relics":["Kunai","TwistedFunnel"],"cards":["Dagger Throw","Escape Plan","Noxious Fumes","Mind Blast","Chrysalis"],"potions":["Strength Potion","BlessingOfTheForge","LiquidBronze"]}],"circlet_count":0,"master_deck":["AscendersBane","Strike_G","Strike_G","Strike_G","Strike_G","Defend_G","Defend_G","Defend_G","Defend_G","Defend_G","Survivor","Neutralize","Dagger Spray","Calculated Gamble","Leg Sweep","Bouncing Flask+1","Flying Knee","Choke+1","Catalyst+1","Venomology","Corpse Explosion","Riddle With Holes","Deadly Poison+1","Catalyst+1","Backflip","Setup+1","Tactician+1","Adrenaline","Adrenaline","Calculated Gamble","After Image","Footwork","Catalyst+1","Acrobatics","Calculated Gamble","Expertise","PiercingWail","Acrobatics","Grand Finale","Concentrate"],"special_seed":0,"potion_use_per_floor":[[],[],[],[],[],[],[],[],[],["ColorlessPotion"],["CunningPotion","CunningPotion"],[],[],["AttackPotion"],[],[],[],[],[],[],[],["Explosive Potion"],[],["SteroidPotion"],[],[],[],["Block Potion"],["LiquidBronze","SkillPotion"],[],["AttackPotion"],[],["PowerPotion"],[],["GamblersBrew","EssenceOfSteel"],["FearPotion"],["AttackPotion"],["Fruit Juice","Poison Potion"],[],[],[],["CunningPotion"],[],["DuplicationPotion","SpeedPotion","Explosive Potion"],["SkillPotion","GhostInAJar"],["Poison Potion"],["Regen Potion"],[],[],["FearPotion","GamblersBrew"],[],[],[],[],["LiquidMemories"],["SteroidPotion","Ancient Potion","Ancient Potion"],[]],"relics":["Ring of the Snake","Potion Belt","Bag of Preparation","Lantern","Art of War","Fusion Hammer","Lizard Tail","ClockworkSouvenir","Tiny Chest","Letter Opener","Regal Pillow","Runic Pyramid","CaptainsWheel","Sundial","Pantograph","MealTicket","Dream Catcher","Mercury Hourglass","Oddly Smooth Stone","Ginger"],"potions_floor_usage":[22,24,28,29,29,31,33,35,35,36,37,38,38,42,44,44,44,45,45,46,47,50,50,55,56,56,56],"damage_taken":[{"damage":0.0,"enemies":"Cultist","floor":1.0,"turns":3.0},{"damage":1.0,"enemies":"Small Slimes","floor":2.0,"turns":4.0},{"damage":8.0,"enemies":"Jaw Worm","floor":3.0,"turns":5.0},{"damage":5.0,"enemies":"Blue Slaver","floor":5.0,"turns":6.0},{"damage":11.0,"enemies":"3 Louse","floor":7.0,"turns":3.0},{"damage":5.0,"enemies":"Exordium Thugs","floor":10.0,"turns":5.0},{"damage":19.0,"enemies":"3 Sentries","floor":11.0,"turns":6.0},{"damage":11.0,"enemies":"Gremlin Nob","floor":14.0,"turns":3.0},{"damage":5.0,"enemies":"Slime Boss","floor":16.0,"turns":6.0},{"damage":0.0,"enemies":"Chosen","floor":18.0,"turns":3.0},{"damage":15,"enemies":"2 Thieves","floor":22,"turns":3},{"damage":0,"enemies":"Slavers","floor":24,"turns":1},{"damage":8,"enemies":"Shelled Parasite and Fungi","floor":28,"turns":4},{"damage":5,"enemies":"Book of Stabbing","floor":29,"turns":3},{"damage":8,"enemies":"Cultist and Chosen","floor":30,"turns":5},{"damage":0,"enemies":"Centurion and Healer","floor":31,"turns":4},{"damage":14,"enemies":"Champ","floor":33,"turns":5},{"damage":1,"enemies":"3 Darklings","floor":35,"turns":2},{"damage":0,"enemies":"3 Shapes","floor":36,"turns":1},{"damage":0,"enemies":"Transient","floor":37,"turns":6},{"damage":11,"enemies":"Maw","floor":38,"turns":5},{"damage":0,"enemies":"Mind Bloom Boss Battle","floor":39,"turns":2},{"damage":0,"enemies":"Reptomancer","floor":40,"turns":4},{"damage":0,"enemies":"Giant Head","floor":42,"turns":4},{"damage":0,"enemies":"4 Shapes","floor":44,"turns":4},{"damage":0,"enemies":"3 Darklings","floor":45,"turns":3},{"damage":0,"enemies":"Nemesis","floor":46,"turns":3},{"damage":1,"enemies":"Spire Growth","floor":47,"turns":3},{"damage":33,"enemies":"Awakened One","floor":50,"turns":11},{"damage":8,"enemies":"Donu and Deca","floor":51,"turns":3},{"damage":33,"enemies":"Shield and Spear","floor":55,"turns":2},{"damage":53,"enemies":"The Heart","floor":56,"turns":8}],"green_key_taken_log":11,"seed_played":"-4236562048942890137","neow_bonus_log":{"cardsObtained":[],"cardsUpgraded":[],"cardsRemoved":[],"cardsTransformed":[],"relicsObtained":["Potion Belt"],"maxHpGained":0,"goldGained":0,"damageTaken":0,"goldLost":0,"maxHpLost":0},"potions_obtained":[{"floor":3.0,"key":"ColorlessPotion"},{"floor":7.0,"key":"CunningPotion"},{"floor":10.0,"key":"CunningPotion"},{"floor":11.0,"key":"LiquidBronze"},{"floor":16.0,"key":"LiquidBronze"},{"floor":22,"key":"Block Potion"},{"floor":29,"key":"PowerPotion"},{"floor":33,"key":"GhostInAJar"},{"floor":35,"key":"DuplicationPotion"},{"floor":37,"key":"Fruit Juice"},{"floor":44,"key":"SkillPotion"},{"floor":45,"key":"Regen Potion"}],"is_trial":false,"path_per_floor":["M","M","M","$","M","R","M","R","T","M","E","R","?","E","R","B",null,"M","T","?","$","M","R","E","$","T","?","M","E","M","M","R","B",null,"M","M","M","M","?","E","R","E","T","M","M","E","M","T","R","B","B",null,"R","$","E","B",null],"character_chosen":"THE_SILENT","basemod:card_modifiers":[null,null,null,null,null,null,null,null,null,null,null,null,null,null,null,null,null,null,null,null,null,null,null,null,null,null,null,null,null,null,null,null,null,null,null,null,null,null,null,null],"items_purchased":["Bouncing Flask","AttackPotion","ClockworkSouvenir","Acrobatics","Grand Finale","Oddly Smooth Stone"],"campfire_rested":5,"item_purchase_floors":[4,4,21,54,54,54],"current_hp_per_floor":[59,58,50,50,45,45,34,34,34,29,10,29,66,55,55,50,62,62,62,62,62,47,66,66,66,66,66,58,53,45,45,66,52,63,62,62,62,56,56,56,56,56,56,56,56,56,67,67,71,38,55,67,71,71,38,10],"gold":51,"neow_bonus":"RANDOM_COMMON_RELIC","is_prod":false,"is_daily":false,"rewards_skipped":[{"floor":42,"relics":[],"potions":["FearPotion"]}],"chose_seed":false,"campfire_upgraded":3,"win_rate":0,"floor_exit_playtime":[101,134,197,220,285,297,365,390,393,488,651,658,679,742,761,879,920,1098,1103,1108,1137,1227,1233,1297,1332,1335,1351,1481,1588,1668,1749,1760,1956,2055,2176,2243,2448,2596,2693,2797,2806,2926,2933,3074,3188,3313,3398,3401,3407,3816,3952,3965,3971,4036,4179,4481],"timestamp":1699020773,"blue_key_relic_skipped_log":{"floor":19,"relicID":"Darkstone Periapt"},"path_taken":["M","M","M","$","M","R","?","R","T","M","E","R","?","E","R","BOSS","M","?","?","?","M","R","E","$","T","?","?","E","M","M","R","BOSS","M","M","M","M","?","E","R","E","T","M","M","E","M","?","R","BOSS","BOSS","R","$","E","BOSS"],"build_version":"2022-12-01","purchased_purges":1,"victory":true,"max_hp_per_floor":[66,66,66,66,66,66,66,66,66,66,66,66,66,66,66,66,66,66,66,66,66,66,66,66,66,66,66,66,66,66,66,66,66,66,66,66,66,71,71,71,71,71,71,71,71,71,71,71,71,71,71,71,71,71,71,71],"relic_stats":{"Regal Pillow":2,"counters":[32,130],"Bag of Preparation":[54],"Letter Opener":[580],"Ginger":[2],"Mercury Hourglass":[87],"Lizard Tail":0,"Dream Catcher":2,"Sundial":[4],"Pantograph":50,"Tiny Chest":1,"MealTicket":0,"Art of War":[20],"obtain_stats":[{"Potion Belt":0,"Lantern":11,"Regal Pillow":29,"Oddly Smooth Stone":54,"Bag of Preparation":9,"Letter Opener":26,"Ginger":55,"ClockworkSouvenir":21,"Mercury Hourglass":48,"Lizard Tail":20,"CaptainsWheel":39,"Dream Catcher":46,"Sundial":40,"Pantograph":42,"Tiny Chest":24,"MealTicket":43,"Fusion Hammer":17,"Art of War":14,"Ring of the Snake":0,"Runic Pyramid":34},{"Potion Belt":0,"Lantern":7,"Regal Pillow":14,"Oddly Smooth Stone":30,"Bag of Preparation":5,"Letter Opener":12,"Ginger":31,"ClockworkSouvenir":10,"Mercury Hourglass":28,"Lizard Tail":10,"CaptainsWheel":22,"Dream Catcher":27,"Sundial":23,"Pantograph":24,"Tiny Chest":12,"MealTicket":24,"Fusion Hammer":9,"Art of War":8,"Ring of the Snake":0,"Runic Pyramid":17},{"Potion Belt":0,"Lantern":32,"Regal Pillow":55,"Oddly Smooth Stone":120,"Bag of Preparation":21,"Letter Opener":48,"Ginger":122,"ClockworkSouvenir":44,"Mercury Hourglass":106,"Lizard Tail":44,"CaptainsWheel":85,"Dream Catcher":103,"Sundial":89,"Pantograph":93,"Tiny Chest":48,"MealTicket":93,"Fusion Hammer":41,"Art of War":35,"Ring of the Snake":0,"Runic Pyramid":69}],"Ring of the Snake":[64]},"card_choices":[{"not_picked":["Prepared","Underhanded Strike"],"picked":"Dagger Spray","floor":1.0},{"not_picked":["Sucker Punch","Backflip"],"picked":"Calculated Gamble","floor":2.0},{"not_picked":["Concentrate","Poisoned Stab"],"picked":"Leg Sweep","floor":3.0},{"not_picked":["Dagger Spray","Predator"],"picked":"Flying Knee","floor":5.0},{"not_picked":["Deflect","After Image"],"picked":"Choke","floor":7.0},{"not_picked":["Backflip","Blur"],"picked":"Catalyst","floor":10.0},{"not_picked":["Distraction","Heel Hook"],"picked":"Escape Plan","floor":11.0},{"not_picked":["Backflip","Tactician"],"picked":"Venomology","floor":14.0},{"not_picked":["Venomology","Envenom"],"picked":"Corpse Explosion","floor":16.0},{"not_picked":["Skewer","Prepared"],"picked":"Riddle With Holes","floor":18.0},{"not_picked":["Sucker Punch","Deadly Poison","Slice"],"picked":"SKIP","floor":22},{"not_picked":["Leg Sweep","Cloak And Dagger"],"picked":"Deadly Poison+1","floor":24},{"not_picked":["Underhanded Strike","Quick Slash"],"picked":"Backflip","floor":28},{"not_picked":["Flechettes","Tactician"],"picked":"Setup+1","floor":29},{"not_picked":["Choke","Dagger Throw"],"picked":"Tactician+1","floor":30},{"not_picked":["Choke","Reflex"],"picked":"Adrenaline","floor":31},{"not_picked":["Unload","Night Terror"],"picked":"Adrenaline","floor":33},{"not_picked":["Outmaneuver","Deflect","Crippling Poison"],"picked":"SKIP","floor":35},{"not_picked":["Quick Slash","Blade Dance","Masterful Stab"],"picked":"SKIP","floor":36},{"not_picked":["Crippling Poison","Cloak And Dagger+1"],"picked":"Calculated Gamble","floor":37},{"not_picked":["Crippling Poison+1","Dash"],"picked":"After Image","floor":38},{"not_picked":["Bane","Well Laid Plans"],"picked":"Footwork","floor":39},{"not_picked":["Concentrate","Underhanded Strike"],"picked":"Catalyst+1","floor":40},{"not_picked":["Endless Agony+1","Flechettes","Slice"],"picked":"SKIP","floor":42},{"not_picked":["Calculated Gamble","All Out Attack"],"picked":"Acrobatics","floor":44},{"not_picked":["Tactician","Acrobatics"],"picked":"Calculated Gamble","floor":45},{"not_picked":["Distraction","Dagger Throw+1"],"picked":"Expertise","floor":46},{"not_picked":["Blade Dance","Outmaneuver","Bane"],"picked":"SKIP","floor":47},{"not_picked":["Backflip","Eviscerate"],"picked":"PiercingWail","floor":49},{"not_picked":["All Out Attack","Flechettes"],"picked":"Concentrate","floor":55}],"player_experience":216666,"relics_obtained":[{"floor":9.0,"key":"Bag of Preparation"},{"floor":11.0,"key":"Lantern"},{"floor":14.0,"key":"Art of War"},{"floor":24,"key":"Tiny Chest"},{"floor":26,"key":"Letter Opener"},{"floor":29,"key":"Regal Pillow"},{"floor":39,"key":"CaptainsWheel"},{"floor":40,"key":"Sundial"},{"floor":42,"key":"Pantograph"},{"floor":43,"key":"MealTicket"},{"floor":46,"key":"Dream Catcher"},{"floor":48,"key":"Mercury Hourglass"},{"floor":55,"key":"Ginger"}],"event_choices":[{"cards_removed":["Escape Plan"],"damage_healed":37.0,"max_hp_gain":0.0,"max_hp_loss":0.0,"gold_gain":0.0,"event_name":"Bonfire Elementals","player_choice":"Offered Uncommon","floor":13.0,"gold_loss":0.0,"damage_taken":0.0},{"damage_healed":0.0,"max_hp_gain":0.0,"max_hp_loss":0.0,"gold_gain":0.0,"event_name":"Addict","player_choice":"Obtained Relic","floor":20.0,"gold_loss":85.0,"damage_taken":0.0,"relics_obtained":["Lizard Tail"]},{"damage_healed":0,"gold_gain":0,"player_choice":"Copied","damage_taken":0,"max_hp_gain":0,"max_hp_loss":0,"event_name":"Duplicator","floor":27,"gold_loss":0,"cards_obtained":["Catalyst"]},{"damage_healed":0,"gold_gain":0,"player_choice":"Fight","damage_taken":0,"max_hp_gain":0,"max_hp_loss":0,"event_name":"MindBloom","floor":39,"gold_loss":0}],"is_beta":false,"boss_relics":[{"not_picked":["Calling Bell","Ectoplasm"],"picked":"Fusion Hammer"},{"not_picked":["Snecko Eye","Empty Cage"],"picked":"Runic Pyramid"}],"items_purged_floors":[25],"is_endless":false,"potions_floor_spawned":[3,7,10,11,16,22,29,33,35,37,42,44,45],"ascension_level":20,"potion_discard_per_floor":[[],[],[],[],[],[],[],[],[],[],[],[],[],[],[],[],[],[],[],[],[],["LiquidBronze"],[],[],[],[],[],[],[],[],[],[],["Block Potion"],[],[],[],["Explosive Potion"],[],[],[],[],[],[],[],[],[],[],[],[],[],[],[],[],[],[],[],[]]}