{"neow_bonuses_skipped_log":["THREE_CARDS","THREE_SMALL_POTIONS","BOSS_RELIC"],"potions_obtained_entropic_brew":[[],[],[],[],[],[],[],[],[],[],[],[],[],[],[],[],[],[],[],[],[],[],[],[],[],[],[],[],[],[],[],[],[]],"neow_costs_skipped_log":["NONE","NONE","NONE"],"gold_per_floor":[115,129,139,152,152,152,181,193,217,217,231,243,74,99,99,176,176,196,43,43,53,53,88,88,114,185,185,110,121,121,152,152,152],"floor_reached":33,"playtime":2912,"items_purged":["Defend_G"],"score":730,"play_id":"0fd1cd67-3d41-48b7-ae0c-e0d85b438b9a","local_time":"20231129105359","score_breakdown":["Floors Climbed (33): 165","Enemies Slain (10): 20","Exordium Elites Killed (2): 20","City Elites Killed (3): 60","Bosses Slain (1): 50","Champion (1): 25","Overkill: 25","Ascension (20): 365"],"is_ascension_mode":true,"potions_obtained_alchemize":[[],[],[],[],[],[],[],[],[],[],[],[],[],[],[],[],[],[],[],[],[],[],[],[],[],[],[],[],[],[],[],[],[]],"campfire_choices":[{"data":"Glass Knife","floor":6.0,"key":"SMITH"},{"data":"Predator","floor":10.0,"key":"SMITH"},{"data":"Deadly Poison","floor":15,"key":"SMITH"},{"floor":24,"key":"REST"},{"floor":30,"key":"REST"},{"data":"Catalyst","floor":32,"key":"SMITH"}],"lesson_learned_per_floor":[[],[],[],[],[],[],[],[],[],[],[],[],[],[],[],[],[],[],[],[],[],[],[],[],[],[],[],[],[],[],[],[],[]],"neow_cost":"TEN_PERCENT_HP_LOSS","improvable_cards":{},"seed_source_timestamp":32606891625333,"shop_contents":[{"floor":13,"relics":["Unceasing Top","Whetstone","Frozen Eye"],"cards":["Slice","Quick Slash","Dodge and Roll","Blur","Forethought","Thinking Ahead"],"potions":["CunningPotion","Weak Potion","Poison Potion"]},{"floor":19,"relics":["Nunchaku","White Beast Statue","HandDrill"],"cards":["Sucker Punch","Flying Knee","Blade Dance","Infinite Blades+1","Dramatic Entrance","Transmutation"],"potions":["ColorlessPotion","Weak Potion","Fire Potion"]}],"circlet_count":0,"master_deck":["AscendersBane","Strike_G","Strike_G","Strike_G","Defend_G","Defend_G","Survivor","Neutralize","Glass Knife+1","Backflip","Predator+1","Slice","PiercingWail","After Image+1","Dagger Spray","Deadly Poison+1","Wraith Form v2+1","Escape Plan","Night Terror","Catalyst+1","Bouncing Flask","Underhanded Strike","Leg Sweep","After Image+1"],"special_seed":0,"potion_use_per_floor":[[],[],[],[],[],[],["Dexterity Potion"],[],[],[],[],[],[],["Regen Potion"],[],["FearPotion"],[],[],[],[],[],[],[],[],["GamblersBrew"],[],[],[],[],[],[],[],[]],"relics":["Ring of the Snake","GremlinMask","Frozen Egg 2","Omamori","Oddly Smooth Stone","Snecko Eye","Potion Belt","Bird Faced Urn","Letter Opener","Bag of Preparation"],"potions_floor_usage":[14,16,25],"damage_taken":[{"damage":0.0,"enemies":"Small Slimes","floor":1.0,"turns":5.0},{"damage":1.0,"enemies":"Cultist","floor":2.0,"turns":4.0},{"damage":2.0,"enemies":"2 Louse","floor":3.0,"turns":3.0},{"damage":0.0,"enemies":"Looter","floor":4.0,"turns":2.0},{"damage":23.0,"enemies":"Lagavulin","floor":7.0,"turns":7.0},{"damage":9.0,"enemies":"Large Slime","floor":8.0,"turns":9.0},{"damage":3.0,"enemies":"Exordium Wildlife","floor":11.0,"turns":5.0},{"damage":2.0,"enemies":"3 Louse","floor":12.0,"turns":3.0},{"damage":7,"enemies":"3 Sentries","floor":14,"turns":10},{"damage":21,"enemies":"Hexaghost","floor":16,"turns":11},{"damage":30,"enemies":"Shell Parasite","floor":18,"turns":7},{"damage":2,"enemies":"2 Thieves","floor":21,"turns":5},{"damage":0,"enemies":"Gremlin Leader","floor":23,"turns":5},{"damage":19,"enemies":"Book of Stabbing","floor":25,"turns":2},{"damage":0,"enemies":"3 Cultists","floor":29,"turns":5},{"damage":2,"enemies":"Gremlin Leader","floor":31,"turns":7},{"damage":67,"enemies":"Champ","floor":33,"turns":10}],"seed_played":"-3998155011759040447","neow_bonus_log":{"cardsObtained":[],"cardsUpgraded":[],"cardsRemoved":[],"cardsTransformed":[],"relicsObtained":[],"maxHpGained":0,"goldGained":0,"damageTaken":0,"goldLost":0,"maxHpLost":6},"potions_obtained":[{"floor":3.0,"key":"Dexterity Potion"},{"floor":7.0,"key":"AttackPotion"},{"floor":8.0,"key":"FearPotion"},{"floor":12.0,"key":"Regen Potion"},{"floor":14,"key":"BlessingOfTheForge"},{"floor":18,"key":"GamblersBrew"},{"floor":29,"key":"Ancient Potion"},{"floor":31,"key":"Ancient Potion"}],"is_trial":false,"path_per_floor":["M","M","M","M","?","R","E","M","T","R","M","M","$","E","R","B",null,"M","$","?","M","?","E","R","E","T","?","?","M","R","E","R","B"],"character_chosen":"THE_SILENT","basemod:card_modifiers":[null,null,null,null,null,null,null,null,null,null,null,null,null,null,null,null,null,null,null,null,null,null,null,null],"items_purchased":["Wraith Form v2+1","Bouncing Flask"],"campfire_rested":2,"item_purchase_floors":[13,19],"current_hp_per_floor":[59,58,56,56,56,56,33,24,24,24,21,19,19,27,27,6,47,17,17,17,15,15,15,33,14,14,14,14,20,38,42,42,0],"gold":152,"neow_bonus":"THREE_RARE_CARDS","is_prod":false,"is_daily":false,"rewards_skipped":[{"floor":20,"relics":[],"potions":["Weak Potion","SmokeBomb"]}],"chose_seed":false,"campfire_upgraded":4,"win_rate":0,"floor_exit_playtime":[142,176,232,263,285,301,577,708,713,753,858,941,964,1121,1184,1491,1591,1718,1771,1776,1897,1923,2061,2073,2161,2164,2189,2213,2358,2382,2666,2674],"timestamp":1701273239,"path_taken":["M","M","M","M","?","R","E","M","T","R","M","?","$","E","R","BOSS","M","$","?","?","?","E","R","E","T","?","?","M","R","E","R","BOSS"],"build_version":"2022-12-01","purchased_purges":1,"victory":false,"max_hp_per_floor":[60,60,60,60,60,60,60,60,60,60,60,60,60,60,60,60,60,60,60,60,60,60,60,60,60,60,60,60,60,60,60,60,60],"relic_stats":{"counters":[17,100],"Bird Faced Urn":[16],"Snecko Eye":[71,92,80,88,-131],"Omamori":0,"Bag of Preparation":[1],"Letter Opener":[35],"obtain_stats":[{"Potion Belt":23,"Bird Faced Urn":25,"Oddly Smooth Stone":14,"Snecko Eye":17,"GremlinMask":5,"Omamori":9,"Bag of Preparation":31,"Letter Opener":26,"Frozen Egg 2":7,"Ring of the Snake":0},{"Potion Belt":13,"Bird Faced Urn":14,"Oddly Smooth Stone":9,"Snecko Eye":10,"GremlinMask":4,"Omamori":6,"Bag of Preparation":16,"Letter Opener":14,"Frozen Egg 2":5,"Ring of the Snake":0},{"Potion Belt":76,"Bird Faced Urn":78,"Oddly Smooth Stone":48,"Snecko Eye":59,"GremlinMask":14,"Omamori":30,"Bag of Preparation":90,"Letter Opener":78,"Frozen Egg 2":21,"Ring of the Snake":0}],"Ring of the Snake":[34]},"card_choices":[{"not_picked":["Burst","Adrenaline"],"picked":"Glass Knife","floor":0.0},{"not_picked":["Deflect","Tactician"],"picked":"Backflip","floor":1.0},{"not_picked":["Catalyst","Dodge and Roll"],"picked":"Predator","floor":2.0},{"not_picked":["Dodge and Roll","Underhanded Strike"],"picked":"Slice","floor":3.0},{"not_picked":["Underhanded Strike","Cloak And Dagger"],"picked":"PiercingWail","floor":4.0},{"not_picked":["Blur","Infinite Blades+1"],"picked":"After Image+1","floor":7.0},{"not_picked":["Dodge and Roll","Flying Knee"],"picked":"Dagger Spray","floor":8.0},{"not_picked":["Riddle With Holes","Flying Knee"],"picked":"Deadly Poison","floor":11.0},{"not_picked":["Backflip","Flying Knee","Underhanded Strike"],"picked":"SKIP","floor":12.0},{"not_picked":["Backflip","Caltrops+1"],"picked":"Escape Plan","floor":14},{"not_picked":["Malaise","Grand Finale"],"picked":"Night Terror","floor":16},{"not_picked":["All Out Attack","Deflect"],"picked":"Catalyst","floor":18},{"not_picked":["Deflect","Prepared","Blade Dance"],"picked":"SKIP","floor":21},{"not_picked":["Tactician","Flying Knee","Deflect"],"picked":"SKIP","floor":23},{"not_picked":["Tactician","Flying Knee","Deflect"],"picked":"SKIP","floor":23},{"not_picked":["Acrobatics","Deflect"],"picked":"After Image+1","floor":25},{"not_picked":["Masterful Stab","Dodge and Roll","Outmaneuver"],"picked":"SKIP","floor":29},{"not_picked":["Masterful Stab","Dodge and Roll","Outmaneuver"],"picked":"SKIP","floor":29},{"not_picked":["Masterful Stab","Dodge and Roll","Outmaneuver"],"picked":"SKIP","floor":29},{"not_picked":["Masterful Stab","Dodge and Roll","Outmaneuver"],"picked":"SKIP","floor":29},{"not_picked":["Slice+1","Reflex","Concentrate+1"],"picked":"SKIP","floor":31}],"player_experience":88892,"relics_obtained":[{"floor":7.0,"key":"Frozen Egg 2"},{"floor":9.0,"key":"Omamori"},{"floor":14,"key":"Oddly Smooth Stone"},{"floor":23,"key":"Potion Belt"},{"floor":25,"key":"Bird Faced Urn"},{"floor":26,"key":"Letter Opener"},{"floor":31,"key":"Bag of Preparation"}],"event_choices":[{"damage_healed":0.0,"max_hp_gain":0.0,"max_hp_loss":0.0,"gold_gain":0.0,"event_name":"FaceTrader","player_choice":"Trade","floor":5.0,"gold_loss":0.0,"damage_taken":0.0,"relics_obtained":["GremlinMask"]},{"damage_healed":0,"gold_gain":0,"player_choice":"Got Potions","damage_taken":0,"max_hp_gain":0,"max_hp_loss":0,"event_name":"Lab","floor":20,"gold_loss":0},{"damage_healed":0,"gold_gain":0,"cards_transformed":["Strike_G","Defend_G"],"player_choice":"Became Test Subject","damage_taken":0,"max_hp_gain":0,"max_hp_loss":0,"event_name":"Drug Dealer","floor":22,"gold_loss":0,"cards_obtained":["Underhanded Strike","Leg Sweep"]},{"cards_removed":["Defend_G"],"damage_healed":0,"gold_gain":0,"player_choice":"Elegance","damage_taken":0,"max_hp_gain":0,"max_hp_loss":0,"event_name":"Back to Basics","floor":27,"gold_loss":0},{"cards_removed":["Strike_G"],"damage_healed":0,"gold_gain":0,"player_choice":"Gave Gold","damage_taken":0,"max_hp_gain":0,"max_hp_loss":0,"event_name":"Beggar","floor":28,"gold_loss":75}],"is_beta":false,"boss_relics":[{"not_picked":["Velvet Choker","SlaversCollar"],"picked":"Snecko Eye"}],"items_purged_floors":[19],"is_endless":false,"potions_floor_spawned":[3,7,8,12,14,18,29,31],"killed_by":"Champ","ascension_level":20,"potion_discard_per_floor":[[],[],[],[],[],[],[],[],[],[],[],["AttackPotion"],[],[],[],[],[],[],[],[],[],[],[],[],[],[],[],[],[],[],[],[],[]]}