{"neow_bonuses_skipped_log":["THREE_SMALL_POTIONS","ONE_RARE_RELIC","BOSS_RELIC"],"neow_costs_skipped_log":["NONE","CURSE","NONE"],"potions_obtained_entropic_brew":[[],[],[],[],[],[],[],[],[],[],[],[],[],[],[],[],[],[],[],[],[],[],[],[],[],[],[],[],[],[],[],[],[]],"gold_per_floor":[111,124,9,19,30,63,63,75,75,75,75,111,138,161,161,242,251,288,300,312,349,383,438,450,512,549,561,573,48,348,366,366,366],"floor_reached":33,"playtime":2540,"items_purged":["Strike_G","Strike_G+1"],"score":629,"play_id":"e768c010-74d2-4390-acf9-c376138fc4a2","local_time":"20231209160843","score_breakdown":["Floors Climbed (33): 165","Enemies Slain (11): 22","Exordium Elites Killed (2): 20","City Elites Killed (1): 20","Bosses Slain (1): 50","Money Money (1006): 25","Overkill: 25","Ascension (20): 302"],"is_ascension_mode":true,"potions_obtained_alchemize":[[],[],[],[],[],[],[],[],[],[],[],[],[],[],[],[],[],[],[],[],[],[],[],[],[],[],[],[],[],[],[],[],[]],"campfire_choices":[{"data":"Crippling Poison","floor":7.0,"key":"SMITH"},{"data":"Noxious Fumes","floor":10.0,"key":"SMITH"},{"data":"Catalyst","floor":15,"key":"SMITH"},{"data":"Wraith Form v2","floor":24,"key":"SMITH"},{"data":"Burst","floor":27,"key":"SMITH"},{"floor":32,"key":"REST"}],"lesson_learned_per_floor":[[],[],[],[],[],[],[],[],[],[],[],[],[],[],[],[],[],[],[],[],[],[],[],[],[],[],[],[],[],[],[],[],[]],"neow_cost":"NONE","improvable_cards":{},"seed_source_timestamp":295127782049875,"shop_contents":[{"floor":3,"relics":["StrikeDummy","Lantern","Medical Kit"],"cards":["Riddle With Holes","Sucker Punch","PiercingWail","Storm of Steel","Enlightenment","Apotheosis"],"potions":["DistilledChaos","EntropicBrew","ColorlessPotion"]},{"floor":11,"relics":["HornCleat","Gambling Chip","DollysMirror"],"cards":["Dash","Slice","Acrobatics","Concentrate","Tools of the Trade","Impatience","Secret Technique"],"potions":["Block Potion","DistilledChaos","DuplicationPotion"]},{"floor":20,"relics":["Ornamental Fan","Molten Egg 2","Sling"],"cards":["Heel Hook","Poisoned Stab","Distraction+1","Backflip+1","Well Laid Plans","Flash of Steel","Secret Technique+1"],"potions":["Swift Potion","AttackPotion","SkillPotion"]},{"floor":29,"relics":["Shuriken","Darkstone Periapt"],"cards":["Unload","Slice","Noxious Fumes","Mind Blast"],"potions":["Dexterity Potion","Dexterity Potion","ColorlessPotion"]}],"circlet_count":0,"master_deck":["AscendersBane","Strike_G+1","Strike_G+1","Strike_G+1","Defend_G+1","Defend_G+1","Defend_G+1","Defend_G+1","Survivor","Neutralize","Slice","Choke","Noxious Fumes+1","Deadly Poison","Escape Plan","Crippling Poison+1","Burst+1","Infinite Blades","Catalyst+1","Wraith Form v2+1","CurseOfTheBell","Blade Dance+1","Catalyst+1","Backflip+1","Acrobatics+1","Tactician+1","Metamorphosis+1","Acrobatics+1"],"special_seed":0,"potion_use_per_floor":[[],[],[],[],[],["CultistPotion"],[],[],[],[],[],["Regen Potion","Block Potion"],[],[],[],[],[],[],[],[],["PowerPotion"],[],["Energy Potion"],[],[],[],[],[],[],[],[],[],[]],"relics":["Ring of the Snake","The Specimen","Meat on the Bone","CeramicFish","Calling Bell","MawBank","Toxic Egg 2","TungstenRod","Oddly Smooth Stone","ClockworkSouvenir","Old Coin"],"potions_floor_usage":[21,23],"damage_taken":[{"damage":0.0,"enemies":"Cultist","floor":1.0,"turns":4.0},{"damage":0.0,"enemies":"Small Slimes","floor":2.0,"turns":4.0},{"damage":2.0,"enemies":"Jaw Worm","floor":4.0,"turns":4.0},{"damage":5.0,"enemies":"2 Fungi Beasts","floor":5.0,"turns":4.0},{"damage":24.0,"enemies":"3 Sentries","floor":6.0,"turns":7.0},{"damage":9.0,"enemies":"Blue Slaver","floor":8.0,"turns":3.0},{"damage":23.0,"enemies":"Gremlin Nob","floor":12.0,"turns":4.0},{"damage":18.0,"enemies":"Exordium Thugs","floor":13.0,"turns":4.0},{"damage":5,"enemies":"Large Slime","floor":14,"turns":7},{"damage":21,"enemies":"Hexaghost","floor":16,"turns":6},{"damage":23,"enemies":"Shell Parasite","floor":18,"turns":5},{"damage":0,"enemies":"Chosen","floor":21,"turns":6},{"damage":16,"enemies":"Snecko","floor":22,"turns":5},{"damage":2,"enemies":"Gremlin Leader","floor":23,"turns":4},{"damage":20,"enemies":"Centurion and Healer","floor":31,"turns":4},{"damage":52,"enemies":"Collector","floor":33,"turns":3}],"seed_played":"5521049168717685781","neow_bonus_log":{"cardsObtained":[],"cardsUpgraded":[],"cardsRemoved":["Defend_G"],"cardsTransformed":[],"relicsObtained":[],"maxHpGained":0,"goldGained":0,"damageTaken":0,"goldLost":0,"maxHpLost":0},"potions_obtained":[{"floor":1.0,"key":"CultistPotion"},{"floor":6.0,"key":"Block Potion"},{"floor":8.0,"key":"Regen Potion"},{"floor":13.0,"key":"PowerPotion"},{"floor":21,"key":"Energy Potion"}],"is_trial":false,"path_per_floor":["M","M","$","M","M","E","R","M","T","R","$","E","M","M","R","B",null,"M","?","$","M","M","E","R","?","T","R","?","$","T","M","R","B"],"character_chosen":"THE_SILENT","basemod:card_modifiers":[null,null,null,null,null,null,null,null,null,null,null,null,null,null,null,null,null,null,null,null,null,null,null,null,null,null,null,null],"items_purchased":["Noxious Fumes","Tactician+1","ClockworkSouvenir","Metamorphosis+1","Acrobatics+1"],"campfire_rested":1,"item_purchase_floors":[3,29,29,29,29],"current_hp_per_floor":[59,59,59,57,52,28,28,19,19,19,19,22,16,23,23,14,53,42,42,42,42,38,36,36,36,36,36,36,36,36,28,47,0],"gold":366,"neow_bonus":"REMOVE_CARD","is_prod":false,"is_daily":false,"rewards_skipped":[],"chose_seed":false,"campfire_upgraded":5,"win_rate":0,"floor_exit_playtime":[171,288,486,552,598,746,762,866,870,911,964,1233,1299,1394,1401,1511,1572,1799,1814,1835,1972,2049,2227,2235,2255,2274,2285,2289,2331,2334,2460,2469],"timestamp":1702156123,"blue_key_relic_skipped_log":{"floor":26,"relicID":"Boot"},"path_taken":["M","M","?","M","M","E","R","M","T","R","$","E","M","M","R","BOSS","M","?","$","?","M","E","R","?","T","R","?","$","?","M","R","BOSS"],"build_version":"2022-12-01","purchased_purges":2,"victory":false,"max_hp_per_floor":[66,66,66,66,66,66,66,66,66,66,66,66,66,66,66,66,66,66,66,66,66,66,66,66,66,66,66,66,66,66,66,66,66],"relic_stats":{"The Specimen":[15],"counters":[16,74],"CeramicFish":108,"MawBank":144,"obtain_stats":[{"Calling Bell":17,"The Specimen":6,"CeramicFish":12,"Oddly Smooth Stone":23,"Toxic Egg 2":17,"MawBank":17,"TungstenRod":17,"Ring of the Snake":0,"Meat on the Bone":9,"ClockworkSouvenir":29,"Old Coin":30},{"Calling Bell":10,"The Specimen":5,"CeramicFish":7,"Oddly Smooth Stone":14,"Toxic Egg 2":10,"MawBank":10,"TungstenRod":10,"Ring of the Snake":0,"Meat on the Bone":6,"ClockworkSouvenir":14,"Old Coin":14},{"Calling Bell":47,"The Specimen":23,"CeramicFish":30,"Oddly Smooth Stone":67,"Toxic Egg 2":47,"MawBank":47,"TungstenRod":47,"Ring of the Snake":0,"Meat on the Bone":26,"ClockworkSouvenir":67,"Old Coin":67}],"TungstenRod":15,"Ring of the Snake":[32],"Meat on the Bone":84},"card_choices":[{"not_picked":["Outmaneuver","Acrobatics"],"picked":"Slice","floor":1.0},{"not_picked":["Sucker Punch","Cloak And Dagger"],"picked":"Choke","floor":2.0},{"not_picked":["Cloak And Dagger","Flying Knee"],"picked":"Deadly Poison","floor":4.0},{"not_picked":["Dagger Spray","Sucker Punch"],"picked":"Escape Plan","floor":5.0},{"not_picked":["Flying Knee","Deflect"],"picked":"Crippling Poison","floor":6.0},{"not_picked":["Dagger Spray","Blur","Cloak And Dagger"],"picked":"SKIP","floor":8.0},{"not_picked":["Dagger Spray","Blur","Cloak And Dagger"],"picked":"SKIP","floor":8.0},{"not_picked":["Cloak And Dagger","Backflip"],"picked":"Burst","floor":12.0},{"not_picked":["Slice","Quick Slash"],"picked":"Infinite Blades","floor":13.0},{"not_picked":["Crippling Poison","Slice"],"picked":"Catalyst","floor":14},{"not_picked":["Phantasmal Killer","Glass Knife"],"picked":"Wraith Form v2","floor":16},{"not_picked":["Deflect+1","Reflex+1"],"picked":"Blade Dance+1","floor":18},{"not_picked":["Dagger Spray","Cloak And Dagger+1"],"picked":"Catalyst+1","floor":21},{"not_picked":["Deadly Poison+1","Infinite Blades"],"picked":"Backflip+1","floor":22},{"not_picked":["Bouncing Flask+1","Outmaneuver+1"],"picked":"Acrobatics+1","floor":23},{"not_picked":["Quick Slash","Slice","Dagger Spray"],"picked":"SKIP","floor":31}],"player_experience":99147,"relics_obtained":[{"floor":6.0,"key":"The Specimen"},{"floor":9.0,"key":"Meat on the Bone"},{"floor":12.0,"key":"CeramicFish"},{"floor":17,"key":"MawBank"},{"floor":17,"key":"Toxic Egg 2"},{"floor":17,"key":"TungstenRod"},{"floor":23,"key":"Oddly Smooth Stone"},{"floor":30,"key":"Old Coin"}],"event_choices":[{"damage_healed":0,"gold_gain":0,"player_choice":"Simplicity","damage_taken":0,"max_hp_gain":0,"max_hp_loss":0,"event_name":"Back to Basics","floor":19,"gold_loss":0,"cards_upgraded":["Strike_G","Strike_G","Strike_G","Strike_G","Defend_G","Defend_G","Defend_G","Defend_G"]},{"damage_healed":0,"gold_gain":50,"player_choice":"Stole From Cult","damage_taken":0,"max_hp_gain":0,"max_hp_loss":0,"event_name":"Nest","floor":25,"gold_loss":0},{"damage_healed":0,"gold_gain":0,"player_choice":"Ignored","damage_taken":0,"max_hp_gain":0,"max_hp_loss":0,"event_name":"The Mausoleum","floor":28,"gold_loss":0}],"is_beta":false,"boss_relics":[{"not_picked":["SlaversCollar","HoveringKite"],"picked":"Calling Bell"}],"items_purged_floors":[3,29],"is_endless":false,"potions_floor_spawned":[1,6,8,13,21],"killed_by":"Collector","ascension_level":20,"potion_discard_per_floor":[[],[],[],[],[],[],[],[],[],[],[],[],[],[],[],[],[],[],[],[],[],[],[],[],[],[],[],[],[],[],[],[],[]]}