{"neow_bonuses_skipped_log":["UPGRADE_CARD","RANDOM_COMMON_RELIC","BOSS_RELIC"],"potions_obtained_entropic_brew":[[],[],[],[],[],[],[],[],[],[],[],[],[],[],[],[],[],[],[],[],[],[]],"neow_costs_skipped_log":["NONE","NONE","NONE"],"gold_per_floor":[117,133,146,146,296,296,331,331,331,331,349,362,362,227,227,303,303,319,330,280,297,297],"floor_reached":22,"playtime":1379,"items_purged":["Doubt"],"score":372,"play_id":"3f667686-7986-42d7-ade2-cbc960d9e901","local_time":"20231209132239","score_breakdown":["Floors Climbed (22): 110","Enemies Slain (8): 16","Exordium Elites Killed (1): 10","City Elites Killed (0): 0","Bosses Slain (1): 50","Ascension (20): 186"],"is_ascension_mode":true,"potions_obtained_alchemize":[[],[],[],[],[],[],[],[],[],[],[],[],[],[],[],[],[],["ColorlessPotion"],["SteroidPotion"],[],["BlessingOfTheForge","Energy Potion"],["Strength Potion"]],"campfire_choices":[{"data":"Deadly Poison","floor":6,"key":"SMITH"},{"data":"A Thousand Cuts","floor":8,"key":"SMITH"},{"floor":10,"key":"REST"},{"data":"Crippling Poison","floor":13,"key":"SMITH"},{"data":"Footwork","floor":15,"key":"SMITH"}],"lesson_learned_per_floor":[[],[],[],[],[],[],[],[],[],[],[],[],[],[],[],[],[],[],[],[],[],[]],"neow_cost":"PERCENT_DAMAGE","improvable_cards":{},"seed_source_timestamp":286587811406000,"shop_contents":[{"floor":14,"relics":["Oddly Smooth Stone","Ancient Tea Set","DollysMirror"],"cards":["Quick Slash","Underhanded Strike","Dodge and Roll","Crippling Poison","Flash of Steel","Thinking Ahead"],"potions":["SpeedPotion","EssenceOfSteel","ColorlessPotion"]}],"circlet_count":0,"master_deck":["AscendersBane","Strike_G","Strike_G","Strike_G","Strike_G","Strike_G","Defend_G","Defend_G","Defend_G","Defend_G","Defend_G","Survivor","Neutralize","Sadistic Nature","Sucker Punch","Deadly Poison+1","Deadly Poison","A Thousand Cuts+1","Crippling Poison+1","Footwork+1","Venomology","Well Laid Plans","Acrobatics"],"potion_use_per_floor":[[],[],[],[],[],[],["Explosive Potion"],[],[],[],[],["AttackPotion"],[],[],[],[],[],["Explosive Potion","ColorlessPotion"],["DistilledChaos"],[],["Fire Potion","DuplicationPotion","Energy Potion"],["BlessingOfTheForge","EssenceOfSteel"]],"relics":["Ring of the Snake","Smiling Mask","White Beast Statue","SacredBark"],"potions_floor_usage":[7,12,18,18,19,21,21,21,22,22],"damage_taken":[{"damage":1,"enemies":"Small Slimes","floor":1,"turns":3},{"damage":0,"enemies":"Cultist","floor":2,"turns":3},{"damage":1,"enemies":"Jaw Worm","floor":3,"turns":3},{"damage":27,"enemies":"3 Sentries","floor":7,"turns":10},{"damage":0,"enemies":"Blue Slaver","floor":11,"turns":4},{"damage":12,"enemies":"Exordium Thugs","floor":12,"turns":4},{"damage":19,"enemies":"Hexaghost","floor":16,"turns":9},{"damage":0,"enemies":"3 Byrds","floor":18,"turns":2},{"damage":3,"enemies":"2 Thieves","floor":19,"turns":3},{"damage":32,"enemies":"Shelled Parasite and Fungi","floor":21,"turns":4},{"damage":21,"enemies":"Cultist and Chosen","floor":22,"turns":3}],"seed_played":"3021314593335605296","neow_bonus_log":{"cardsObtained":[],"cardsUpgraded":[],"cardsRemoved":[],"cardsTransformed":[],"relicsObtained":[],"maxHpGained":0,"goldGained":0,"damageTaken":15,"goldLost":0,"maxHpLost":0},"potions_obtained":[{"floor":1,"key":"Explosive Potion"},{"floor":11,"key":"AttackPotion"},{"floor":12,"key":"Explosive Potion"},{"floor":16,"key":"DistilledChaos"},{"floor":18,"key":"Fire Potion"},{"floor":19,"key":"DuplicationPotion"},{"floor":21,"key":"EssenceOfSteel"}],"is_trial":false,"path_per_floor":["M","M","M","?","?","R","E","R","T","R","M","M","R","$","R","B",null,"M","M","?","M","M"],"character_chosen":"THE_SILENT","basemod:card_modifiers":[null,null,null,null,null,null,null,null,null,null,null,null,null,null,null,null,null,null,null,null,null,null,null],"items_purchased":["Footwork"],"campfire_rested":1,"item_purchase_floors":[14],"current_hp_per_floor":[43,43,42,47,47,47,20,20,20,41,41,29,29,29,29,10,56,56,53,53,21,0],"gold":297,"neow_bonus":"RANDOM_COLORLESS_2","is_prod":false,"is_daily":false,"rewards_skipped":[],"chose_seed":false,"campfire_upgraded":4,"win_rate":0,"floor_exit_playtime":[250,282,314,322,349,366,489,502,522,528,567,663,675,753,773,881,941,1006,1161,1180,1314],"timestamp":1702146159,"path_taken":["M","M","M","?","?","R","E","R","T","R","M","M","R","?","R","BOSS","M","M","?","?","M"],"build_version":"2022-12-01","purchased_purges":1,"victory":false,"max_hp_per_floor":[66,66,66,71,71,71,71,71,71,71,71,71,71,71,71,71,71,71,71,71,71,71],"relic_stats":{"counters":[11,48],"Smiling Mask":25,"obtain_stats":[{"SacredBark":17,"Smiling Mask":7,"White Beast Statue":9,"Ring of the Snake":0},{"SacredBark":7,"Smiling Mask":4,"White Beast Statue":4,"Ring of the Snake":0},{"SacredBark":36,"Smiling Mask":19,"White Beast Statue":19,"Ring of the Snake":0}],"White Beast Statue":[0.0,0.024000000000000007,0.0,0.32800000000000007,0.0,0.5280000000000001,0.0,0.12000000000000002,0.0,0.0,0.0,3.0],"Ring of the Snake":[22]},"card_choices":[{"not_picked":["Mayhem","Thinking Ahead"],"picked":"Sadistic Nature","floor":0},{"not_picked":["Bane","Accuracy"],"picked":"Sucker Punch","floor":1},{"not_picked":["Blade Dance","Terror"],"picked":"Deadly Poison","floor":2},{"not_picked":["Outmaneuver","Prepared"],"picked":"Deadly Poison","floor":3},{"not_picked":["Backstab","Prepared"],"picked":"A Thousand Cuts","floor":7},{"not_picked":["Deadly Poison","Concentrate","Dodge and Roll"],"picked":"SKIP","floor":11},{"not_picked":["Underhanded Strike","Poisoned Stab"],"picked":"Crippling Poison","floor":12},{"not_picked":["Phantasmal Killer","A Thousand Cuts"],"picked":"Venomology","floor":16},{"not_picked":["Dagger Throw","Endless Agony"],"picked":"Well Laid Plans","floor":18},{"not_picked":["Skewer","Accuracy"],"picked":"Acrobatics","floor":19},{"not_picked":["Bane","Deadly Poison","Acrobatics"],"picked":"SKIP","floor":21},{"not_picked":["Bane","Deadly Poison","Acrobatics"],"picked":"SKIP","floor":21}],"player_experience":97768,"relics_obtained":[{"floor":7,"key":"Smiling Mask"},{"floor":9,"key":"White Beast Statue"}],"event_choices":[{"damage_healed":0,"gold_gain":0,"player_choice":"Donut","damage_taken":0,"max_hp_gain":5,"max_hp_loss":0,"event_name":"Big Fish","floor":4,"gold_loss":0},{"damage_healed":0,"gold_gain":150,"player_choice":"AGREE","damage_taken":0,"max_hp_gain":0,"max_hp_loss":0,"event_name":"Liars Game","floor":5,"gold_loss":0,"cards_obtained":["Doubt"]},{"damage_healed":0,"gold_gain":0,"player_choice":"Bet on Murderer","damage_taken":0,"max_hp_gain":0,"max_hp_loss":0,"event_name":"The Joust","floor":20,"gold_loss":50}],"is_beta":false,"boss_relics":[{"not_picked":["WristBlade","Runic Dome"],"picked":"SacredBark"}],"items_purged_floors":[14],"is_endless":false,"potions_floor_spawned":[1,11,12,16,18,19,21],"killed_by":"Cultist and Chosen","ascension_level":20,"potion_discard_per_floor":[[],[],[],[],[],[],[],[],[],[],[],[],[],[],[],[],[],[],["SteroidPotion"],[],[],[]]}