{"neow_bonuses_skipped_log":["THREE_CARDS","TRANSFORM_TWO_CARDS","BOSS_RELIC"],"potions_obtained_entropic_brew":[[],[],[],[],[],[],[],[],[],[],[],[],[],[],[],[],[],[],[],[],[],[],[],[],[],[],[],[],[],[],[],[],[],[],[],[],[],[],[],[],[]],"neow_costs_skipped_log":["NONE","CURSE","NONE"],"gold_per_floor":[110,129,140,155,170,170,197,197,223,223,233,233,263,274,274,351,351,362,380,391,391,439,469,469,469,516,516,206,232,35,35,35,109,109,119,119,144,157,157,157,157],"floor_reached":41,"playtime":2589,"items_purged":["Bite","Bite"],"score":978,"play_id":"34bd15d7-ec61-4db0-ae0f-ecd5b1e1b66d","local_time":"20231210110957","score_breakdown":["Floors Climbed (41): 205","Enemies Slain (12): 24","Exordium Elites Killed (2): 20","City Elites Killed (2): 40","Beyond Elites Killed (0): 0","Bosses Slain (2): 150","Champion (1): 25","Overkill: 25","Ascension (20): 489"],"is_ascension_mode":true,"potions_obtained_alchemize":[[],[],[],[],[],[],[],[],[],[],[],[],[],[],[],[],[],[],[],[],[],[],[],[],[],[],[],[],[],[],[],[],[],[],[],[],[],[],[],[],[]],"campfire_choices":[{"data":"Catalyst","floor":6,"key":"SMITH"},{"data":"Backstab","floor":8,"key":"SMITH"},{"data":"Bouncing Flask","floor":10,"key":"SMITH"},{"data":"Blade Dance","floor":15,"key":"SMITH"},{"floor":24,"key":"REST"},{"floor":32,"key":"REST"},{"floor":40,"key":"RECALL"}],"lesson_learned_per_floor":[[],[],[],[],[],[],[],[],[],[],[],[],[],[],[],[],[],[],[],[],[],[],[],[],[],[],[],[],[],[],[],[],[],[],[],[],[],[],[],[],[]],"neow_cost":"NONE","improvable_cards":{},"seed_source_timestamp":317212459210042,"shop_contents":[{"floor":28,"relics":["Oddly Smooth Stone","Mercury Hourglass"],"cards":["Bane","Backstab","Distraction","Dodge and Roll","Discovery","Metamorphosis"],"potions":["Swift Potion","Weak Potion","Energy Potion"]},{"floor":30,"relics":["Girya","Art of War","Chemical X"],"cards":["Heel Hook","Riddle With Holes","Setup","Swift Strike","Secret Technique"],"potions":["DistilledChaos","Block Potion","GamblersBrew"]},{"floor":39,"relics":["Gambling Chip","InkBottle","Strange Spoon"],"cards":["Slice","Bane","Cloak And Dagger","Prepared","Infinite Blades","Trip","Chrysalis"],"potions":["BlessingOfTheForge","ColorlessPotion","AttackPotion"]}],"circlet_count":0,"master_deck":["AscendersBane","Defend_G+1","Defend_G+1","Defend_G+1","Defend_G+1","Survivor","Neutralize","Backstab+1","Blade Dance+1","Bouncing Flask+1","Catalyst+1","Riddle With Holes","Die Die Die","Bite","Bite","Accuracy","Terror","Backflip","Footwork","Corpse Explosion","Dark Shackles","Thinking Ahead","Metamorphosis","Catalyst+1"],"potion_use_per_floor":[[],[],[],[],[],[],["Fire Potion"],[],[],[],[],[],["Block Potion"],[],[],["SteroidPotion","GhostInAJar"],[],["CunningPotion"],[],[],[],[],[],[],[],[],[],[],["ColorlessPotion"],[],[],[],["LiquidMemories"],[],[],[],[],[],[],[],["EssenceOfSteel"]],"relics":["Ring of the Snake","Regal Pillow","Bag of Marbles","Bronze Scales","Tiny Chest","Fusion Hammer","Potion Belt","Bag of Preparation","Juzu Bracelet","Sling","HornCleat","Nilry\u0027s Codex","Empty Cage","Happy Flower"],"potions_floor_usage":[7,13,16,16,18,29,33,41],"damage_taken":[{"damage":2,"enemies":"2 Louse","floor":1,"turns":3},{"damage":1,"enemies":"Cultist","floor":2,"turns":4},{"damage":2,"enemies":"Jaw Worm","floor":3,"turns":3},{"damage":2,"enemies":"2 Fungi Beasts","floor":4,"turns":3},{"damage":1,"enemies":"Looter","floor":5,"turns":3},{"damage":10,"enemies":"Gremlin Nob","floor":7,"turns":3},{"damage":4,"enemies":"Exordium Wildlife","floor":11,"turns":4},{"damage":0,"enemies":"Lagavulin","floor":13,"turns":5},{"damage":1,"enemies":"2 Fungi Beasts","floor":14,"turns":2},{"damage":34,"enemies":"Slime Boss","floor":16,"turns":8},{"damage":0,"enemies":"Shell Parasite","floor":18,"turns":1},{"damage":0,"enemies":"Chosen","floor":19,"turns":2},{"damage":6,"enemies":"Snake Plant","floor":20,"turns":3},{"damage":18,"enemies":"Slavers","floor":23,"turns":6},{"damage":20,"enemies":"Book of Stabbing","floor":29,"turns":3},{"damage":35,"enemies":"Collector","floor":33,"turns":8},{"damage":0,"enemies":"3 Darklings","floor":35,"turns":1},{"damage":0,"enemies":"Orb Walker","floor":38,"turns":3},{"damage":52,"enemies":"Giant Head","floor":41,"turns":5}],"green_key_taken_log":29,"seed_played":"-4868911882314067159","neow_bonus_log":{"cardsObtained":[],"cardsUpgraded":[],"cardsRemoved":[],"cardsTransformed":[],"relicsObtained":["Regal Pillow"],"maxHpGained":0,"goldGained":0,"damageTaken":0,"goldLost":0,"maxHpLost":0},"potions_obtained":[{"floor":4,"key":"Fire Potion"},{"floor":5,"key":"GhostInAJar"},{"floor":7,"key":"Block Potion"},{"floor":13,"key":"SteroidPotion"},{"floor":16,"key":"CunningPotion"},{"floor":18,"key":"ColorlessPotion"},{"floor":23,"key":"LiquidMemories"},{"floor":35,"key":"EssenceOfSteel"}],"is_trial":false,"path_per_floor":["M","M","M","M","M","R","E","R","T","R","M","?","E","M","R","B",null,"M","M","M","?","T","E","R","T","T","?","$","E","$","?","R","B",null,"M","?","T","M","$","R","E"],"character_chosen":"THE_SILENT","basemod:card_modifiers":[null,null,null,null,null,null,null,null,null,null,null,null,null,null,null,null,null,null,null,null,null,null,null,null],"items_purchased":["Sling","Accuracy","Backflip","Footwork"],"campfire_rested":2,"item_purchase_floors":[28,28,30,30],"current_hp_per_floor":[57,56,54,52,51,51,41,41,41,41,37,37,37,36,36,2,50,50,50,44,44,44,26,60,60,60,46,46,30,30,9,37,6,36,38,28,28,30,30,30,0],"gold":157,"neow_bonus":"RANDOM_COMMON_RELIC","is_prod":false,"is_daily":false,"rewards_skipped":[],"chose_seed":false,"campfire_upgraded":4,"win_rate":0,"floor_exit_playtime":[149,192,224,328,358,403,459,509,513,522,644,651,757,788,795,1090,1140,1211,1250,1304,1314,1318,1425,1436,1445,1453,1493,1532,1650,1682,1695,1699,1967,2083,2122,2289,2293,2420,2442,2455],"timestamp":1702224597,"blue_key_relic_skipped_log":{"floor":25,"relicID":"Blue Candle"},"path_taken":["M","M","?","M","M","R","E","R","T","R","M","?","E","M","R","BOSS","M","M","?","?","?","E","R","?","T","?","$","E","$","?","R","BOSS","M","?","?","M","?","R","E"],"build_version":"2022-12-01","purchased_purges":2,"victory":false,"max_hp_per_floor":[66,66,66,66,66,66,66,66,66,66,66,66,66,66,66,66,66,66,66,66,66,66,66,66,66,66,46,46,46,46,46,46,46,46,46,46,46,46,46,46,46],"relic_stats":{"Regal Pillow":30,"Happy Flower":[2],"counters":[19,70],"Nilry\u0027s Codex":[2,4,3,8],"Bronze Scales":[105],"Tiny Chest":2,"Bag of Preparation":[10],"Juzu Bracelet":1,"obtain_stats":[{"Potion Belt":22,"Regal Pillow":0,"Happy Flower":37,"Nilry\u0027s Codex":31,"Bag of Preparation":23,"Juzu Bracelet":26,"Sling":28,"Empty Cage":34,"HornCleat":29,"Bronze Scales":9,"Tiny Chest":13,"Fusion Hammer":17,"Bag of Marbles":7,"Ring of the Snake":0},{"Potion Belt":13,"Regal Pillow":0,"Happy Flower":17,"Nilry\u0027s Codex":15,"Bag of Preparation":14,"Juzu Bracelet":14,"Sling":14,"Empty Cage":16,"HornCleat":15,"Bronze Scales":6,"Tiny Chest":8,"Fusion Hammer":10,"Bag of Marbles":6,"Ring of the Snake":0},{"Potion Belt":44,"Regal Pillow":0,"Happy Flower":62,"Nilry\u0027s Codex":53,"Bag of Preparation":50,"Juzu Bracelet":50,"Sling":50,"Empty Cage":61,"HornCleat":53,"Bronze Scales":19,"Tiny Chest":28,"Fusion Hammer":38,"Bag of Marbles":19,"Ring of the Snake":0}],"Ring of the Snake":[38]},"card_choices":[{"not_picked":["Sucker Punch","Deadly Poison"],"picked":"Backstab","floor":1},{"not_picked":["Infinite Blades","Underhanded Strike"],"picked":"Blade Dance","floor":2},{"not_picked":["Backflip","PiercingWail"],"picked":"Bouncing Flask","floor":3},{"not_picked":["Dodge and Roll","Deflect","Outmaneuver"],"picked":"SKIP","floor":4},{"not_picked":["Underhanded Strike","Expertise"],"picked":"Catalyst","floor":5},{"not_picked":["Outmaneuver","Dodge and Roll","Slice"],"picked":"SKIP","floor":7},{"not_picked":["Infinite Blades","Storm of Steel","Riddle With Holes"],"picked":"SKIP","floor":11},{"not_picked":["Footwork","Prepared"],"picked":"Riddle With Holes","floor":13},{"not_picked":["Cloak And Dagger","Skewer","Infinite Blades"],"picked":"SKIP","floor":14},{"not_picked":["Unload","Grand Finale"],"picked":"Die Die Die","floor":16},{"not_picked":["Distraction","Deadly Poison","Dodge and Roll"],"picked":"SKIP","floor":18},{"not_picked":["Skewer","Endless Agony+1","Poisoned Stab"],"picked":"SKIP","floor":19},{"not_picked":["Escape Plan","Outmaneuver","Skewer"],"picked":"SKIP","floor":20},{"not_picked":["Eviscerate","Dodge and Roll","Deflect"],"picked":"SKIP","floor":23},{"not_picked":["Flying Knee","PiercingWail"],"picked":"Terror","floor":29},{"not_picked":["Malaise","Unload"],"picked":"Corpse Explosion","floor":33},{"not_picked":["Blade Dance","Deflect","Dagger Throw+1"],"picked":"SKIP","floor":35},{"not_picked":["Impatience","The Bomb"],"picked":"Dark Shackles","floor":36},{"not_picked":["Trip","Flash of Steel"],"picked":"Thinking Ahead","floor":36},{"not_picked":["Bandage Up","Deep Breath"],"picked":"Metamorphosis","floor":36},{"not_picked":["Predator","Prepared"],"picked":"Catalyst+1","floor":38}],"player_experience":104972,"relics_obtained":[{"floor":7,"key":"Bag of Marbles"},{"floor":9,"key":"Bronze Scales"},{"floor":13,"key":"Tiny Chest"},{"floor":22,"key":"Potion Belt"},{"floor":23,"key":"Bag of Preparation"},{"floor":26,"key":"Juzu Bracelet"},{"floor":29,"key":"HornCleat"},{"floor":31,"key":"Nilry\u0027s Codex"},{"floor":37,"key":"Happy Flower"}],"event_choices":[{"damage_healed":0,"gold_gain":0,"player_choice":"Ignored","damage_taken":0,"max_hp_gain":0,"max_hp_loss":0,"event_name":"Liars Game","floor":12,"gold_loss":0},{"damage_healed":0,"gold_gain":0,"player_choice":"Simplicity","damage_taken":0,"max_hp_gain":0,"max_hp_loss":0,"event_name":"Back to Basics","floor":21,"gold_loss":0,"cards_upgraded":["Strike_G","Strike_G","Strike_G","Strike_G","Strike_G","Defend_G","Defend_G","Defend_G","Defend_G","Defend_G"]},{"damage_healed":0,"gold_gain":0,"player_choice":"Became a vampire","damage_taken":0,"max_hp_gain":0,"max_hp_loss":20,"event_name":"Vampires","floor":27,"gold_loss":0,"cards_obtained":["Bite","Bite","Bite","Bite","Bite"]},{"damage_healed":0,"gold_gain":0,"player_choice":"Obtained Book","damage_taken":21,"max_hp_gain":0,"max_hp_loss":0,"event_name":"Cursed Tome","floor":31,"gold_loss":0},{"damage_healed":0,"gold_gain":0,"player_choice":"Memory 3","damage_taken":10,"max_hp_gain":0,"max_hp_loss":0,"event_name":"SensoryStone","floor":36,"gold_loss":0}],"is_beta":false,"boss_relics":[{"not_picked":["Black Star","Sozu"],"picked":"Fusion Hammer"},{"not_picked":["Tiny House","Calling Bell"],"picked":"Empty Cage"}],"items_purged_floors":[28,30],"is_endless":false,"potions_floor_spawned":[4,5,7,13,16,18,23,35],"killed_by":"Giant Head","ascension_level":20,"potion_discard_per_floor":[[],[],[],[],[],[],[],[],[],[],[],[],[],[],[],[],[],[],[],[],[],[],[],[],[],[],[],[],[],[],[],[],[],[],[],[],[],[],[],[],[]]}