{"neow_bonuses_skipped_log":["THREE_CARDS","ONE_RARE_RELIC","BOSS_RELIC"],"neow_costs_skipped_log":["NONE","PERCENT_DAMAGE","NONE"],"potions_obtained_entropic_brew":[[],[],[],[],[],[]],"gold_per_floor":[218,235,254,266,266,266],"floor_reached":6,"playtime":510,"items_purged":[],"score":76,"play_id":"b014de4b-8559-4ab3-a7b9-0982a2020086","local_time":"20231208234444","score_breakdown":["Floors Climbed (6): 30","Enemies Slain (4): 8","Exordium Elites Killed (0): 0","Bosses Slain (0): 0","Ascension (20): 38"],"is_ascension_mode":true,"potions_obtained_alchemize":[[],[],[],[],[],[]],"campfire_choices":[],"lesson_learned_per_floor":[[],[],[],[],[],[]],"neow_cost":"NONE","improvable_cards":{},"seed_source_timestamp":239687561872500,"shop_contents":[],"circlet_count":0,"master_deck":["AscendersBane","Strike_G","Strike_G","Strike_G","Strike_G","Strike_G","Defend_G","Defend_G","Defend_G","Defend_G","Defend_G","Survivor","Neutralize","Endless Agony","Sucker Punch","Acrobatics","Terror"],"potion_use_per_floor":[[],[],[],["Ancient Potion"],[],[]],"relics":["Ring of the Snake","GremlinMask"],"potions_floor_usage":[4],"damage_taken":[{"damage":2,"enemies":"2 Louse","floor":1,"turns":4},{"damage":4,"enemies":"Jaw Worm","floor":2,"turns":6},{"damage":0,"enemies":"Small Slimes","floor":3,"turns":5},{"damage":6,"enemies":"Red Slaver","floor":4,"turns":4},{"damage":49,"enemies":"3 Sentries","floor":6,"turns":7}],"seed_played":"-1099027447594395576","neow_bonus_log":{"cardsObtained":[],"cardsUpgraded":[],"cardsRemoved":[],"cardsTransformed":[],"relicsObtained":[],"maxHpGained":0,"goldGained":100,"damageTaken":0,"goldLost":0,"maxHpLost":0},"potions_obtained":[{"floor":2,"key":"Ancient Potion"}],"is_trial":false,"path_per_floor":["M","M","M","M","?","E"],"character_chosen":"THE_SILENT","basemod:card_modifiers":[null,null,null,null,null,null,null,null,null,null,null,null,null,null,null,null,null],"items_purchased":[],"campfire_rested":0,"item_purchase_floors":[],"current_hp_per_floor":[57,53,53,47,47,0],"gold":266,"neow_bonus":"HUNDRED_GOLD","is_prod":false,"is_daily":false,"rewards_skipped":[],"chose_seed":false,"campfire_upgraded":0,"win_rate":0,"floor_exit_playtime":[149,232,315,359,394],"timestamp":1702097084,"path_taken":["M","M","M","M","?","E"],"build_version":"2022-12-01","purchased_purges":0,"victory":false,"max_hp_per_floor":[66,66,66,66,66,66],"relic_stats":{"counters":[5,26],"obtain_stats":[{"GremlinMask":5,"Ring of the Snake":0},{"GremlinMask":4,"Ring of the Snake":0},{"GremlinMask":19,"Ring of the Snake":0}],"Ring of the Snake":[10]},"card_choices":[{"not_picked":["Caltrops","Backstab"],"picked":"Endless Agony","floor":1},{"not_picked":["Dodge and Roll","Deflect"],"picked":"Sucker Punch","floor":2},{"not_picked":["Slice","Bane"],"picked":"Acrobatics","floor":3},{"not_picked":["Leg Sweep","Outmaneuver"],"picked":"Terror","floor":4}],"player_experience":90420,"relics_obtained":[],"event_choices":[{"damage_healed":0,"gold_gain":0,"player_choice":"Trade","damage_taken":0,"relics_obtained":["GremlinMask"],"max_hp_gain":0,"max_hp_loss":0,"event_name":"FaceTrader","floor":5,"gold_loss":0}],"is_beta":false,"boss_relics":[],"items_purged_floors":[],"is_endless":false,"potions_floor_spawned":[2],"killed_by":"3 Sentries","ascension_level":20,"potion_discard_per_floor":[[],[],[],[],[],[]]}