{"neow_bonuses_skipped_log":["TRANSFORM_CARD","ONE_RARE_RELIC","BOSS_RELIC"],"potions_obtained_entropic_brew":[[],[],[],[],[],[],[]],"neow_costs_skipped_log":["NONE","PERCENT_DAMAGE","NONE"],"gold_per_floor":[123,153,178,200,232,244,256],"floor_reached":7,"playtime":605,"items_purged":[],"score":90,"play_id":"23fbca73-345a-4fff-8b5a-3a5929464933","local_time":"20231210051131","score_breakdown":["Floors Climbed (7): 35","Enemies Slain (5): 10","Exordium Elites Killed (0): 0","Bosses Slain (0): 0","Ascension (20): 45"],"is_ascension_mode":true,"potions_obtained_alchemize":[[],[],[],[],[],[],[]],"campfire_choices":[{"data":"Dagger Spray","floor":6,"key":"SMITH"}],"lesson_learned_per_floor":[[],[],[],[],[],[],[]],"neow_cost":"NONE","improvable_cards":{},"seed_source_timestamp":313712945250083,"shop_contents":[],"circlet_count":0,"master_deck":["AscendersBane","Strike_G","Strike_G","Strike_G","Strike_G","Strike_G","Defend_G","Defend_G","Defend_G","Defend_G","Defend_G","Survivor","Neutralize","Dagger Throw","Dagger Throw","Dagger Spray+1","Adrenaline","Slice"],"potion_use_per_floor":[[],[],[],[],["Ancient Potion"],[],[]],"relics":["Ring of the Snake","MawBank"],"potions_floor_usage":[5],"damage_taken":[{"damage":11,"enemies":"Jaw Worm","floor":1,"turns":6},{"damage":1,"enemies":"Small Slimes","floor":2,"turns":3},{"damage":0,"enemies":"2 Louse","floor":3,"turns":4},{"damage":4,"enemies":"Blue Slaver","floor":4,"turns":5},{"damage":0,"enemies":"Red Slaver","floor":5,"turns":3},{"damage":43,"enemies":"Lagavulin","floor":7,"turns":6}],"seed_played":"-8946694940087008552","neow_bonus_log":{"cardsObtained":[],"cardsUpgraded":[],"cardsRemoved":[],"cardsTransformed":[],"relicsObtained":["MawBank"],"maxHpGained":0,"goldGained":0,"damageTaken":0,"goldLost":0,"maxHpLost":0},"potions_obtained":[{"floor":2,"key":"Ancient Potion"},{"floor":3,"key":"GamblersBrew"}],"is_trial":false,"path_per_floor":["M","M","M","M","M","R","E"],"character_chosen":"THE_SILENT","basemod:card_modifiers":[null,null,null,null,null,null,null,null,null,null,null,null,null,null,null,null,null,null],"items_purchased":[],"campfire_rested":0,"item_purchase_floors":[],"current_hp_per_floor":[48,47,47,43,43,43,0],"gold":256,"neow_bonus":"RANDOM_COMMON_RELIC","is_prod":false,"is_daily":false,"rewards_skipped":[],"chose_seed":false,"campfire_upgraded":1,"win_rate":0,"floor_exit_playtime":[192,280,335,416,486,515],"timestamp":1702203091,"path_taken":["M","M","M","M","M","R","E"],"build_version":"2022-12-01","purchased_purges":0,"victory":false,"max_hp_per_floor":[66,66,66,66,66,66,66],"relic_stats":{"counters":[6,27],"MawBank":84,"obtain_stats":[{"MawBank":0,"Ring of the Snake":0},{"MawBank":0,"Ring of the Snake":0},{"MawBank":0,"Ring of the Snake":0}],"Ring of the Snake":[12]},"card_choices":[{"not_picked":["Accuracy","Blur"],"picked":"Dagger Throw","floor":1},{"not_picked":["Cloak And Dagger","Acrobatics"],"picked":"Dagger Throw","floor":2},{"not_picked":["Acrobatics","Cloak And Dagger"],"picked":"Dagger Spray","floor":3},{"not_picked":["Dodge and Roll","Cloak And Dagger"],"picked":"Adrenaline","floor":4},{"not_picked":["Acrobatics","Bane"],"picked":"Slice","floor":5}],"player_experience":101687,"relics_obtained":[],"event_choices":[],"is_beta":false,"boss_relics":[],"items_purged_floors":[],"is_endless":false,"potions_floor_spawned":[2,3],"killed_by":"Lagavulin","ascension_level":20,"potion_discard_per_floor":[[],[],[],[],[],[],[]]}