{"neow_bonuses_skipped_log":["TRANSFORM_CARD","ONE_RARE_RELIC","BOSS_RELIC"],"potions_obtained_entropic_brew":[[],[],[],[],[],[],[],[],[],[],[],[],[],[],[],[],[],[],[],[],[],[],[],[],[],[],[],[],[],[],[],[],[],[],[],[],[],[],[],[],[],[],[],[],[],[],[],[],[],[],[],[],[],[],[],[]],"neow_costs_skipped_log":["NONE","PERCENT_DAMAGE","NONE"],"gold_per_floor":[212,212,11,49,80,80,180,180,180,207,244,244,286,42,42,119,119,156,156,2,2,40,40,66,78,166,178,190,214,276,364,376,490,502,551,563,797,848,241,241,296,377,403,448,476,6,6,6,6,81,106,106,106,3,31,31],"floor_reached":56,"playtime":6697,"items_purged":["Strike_G","Strike_G+1","Defend_G+1"],"score":1944,"play_id":"33a50cae-bd9a-4b45-b5cc-d41642bacbec","local_time":"20231208002801","score_breakdown":["Floors Climbed (56): 280","Enemies Slain (11): 22","Exordium Elites Killed (2): 20","City Elites Killed (2): 40","Beyond Elites Killed (2): 60","Bosses Slain (4): 500","Money Money (1725): 25","Librarian: 25","Overkill: 25","Ascension (20): 947"],"is_ascension_mode":true,"potions_obtained_alchemize":[[],[],[],[],[],[],[],[],[],[],[],[],[],[],[],[],[],[],[],[],[],[],[],[],[],[],[],[],[],[],[],[],[],[],[],[],[],[],[],[],[],[],[],[],[],[],[],[],[],[],[],[],[],[],[],[]],"campfire_choices":[{"data":"HandOfGreed","floor":6.0,"key":"SMITH"},{"floor":8.0,"key":"REST"},{"data":"Phantasmal Killer","floor":12.0,"key":"SMITH"},{"data":"Noxious Fumes","floor":15.0,"key":"SMITH"},{"data":"Catalyst","floor":23.0,"key":"SMITH"},{"floor":27.0,"key":"REST"},{"floor":32.0,"key":"REST"},{"data":"Neutralize","floor":40.0,"key":"SMITH"},{"data":"Footwork","floor":47.0,"key":"SMITH"},{"floor":49.0,"key":"RECALL"},{"data":"Tools of the Trade","floor":53,"key":"SMITH"}],"lesson_learned_per_floor":[[],[],[],[],[],[],[],[],[],[],[],[],[],[],[],[],[],[],[],[],[],[],[],[],[],[],[],[],[],[],[],[],[],[],[],[],[],[],[],[],[],[],[],[],[],[],[],[],[],[],[],[],[],[],[],[]],"neow_cost":"NONE","improvable_cards":{},"seed_source_timestamp":0,"shop_contents":[{"floor":3,"relics":["StoneCalendar","StrikeDummy","Orrery"],"cards":["Bane","Skewer","Blur","Cloak And Dagger","Accuracy","Discovery"],"potions":["Strength Potion","SpeedPotion","GamblersBrew"]},{"floor":14,"relics":["Shuriken","Thread and Needle"],"cards":["Underhanded Strike","Flying Knee","Expertise","Bouncing Flask","Envenom","Forethought","Thinking Ahead"],"potions":["EssenceOfSteel","SkillPotion","LiquidBronze"]},{"floor":20,"relics":["Bag of Marbles","Singing Bowl","HandDrill"],"cards":["Quick Slash","Riddle With Holes","Crippling Poison","Accuracy","Secret Technique"],"potions":["Weak Potion","Fruit Juice","Fire Potion"]},{"floor":25,"relics":["Gambling Chip","Eternal Feather","Cauldron"],"cards":["Slice","Choke","Acrobatics","Cloak And Dagger","Footwork","Madness","Secret Weapon"],"potions":["SteroidPotion","SpeedPotion","FairyPotion"]},{"floor":39,"relics":["Potion Belt","Chemical X"],"cards":["Unload","Slice","Deflect+1","Expertise+1","Noxious Fumes","Dramatic Entrance"],"potions":["ColorlessPotion","Dexterity Potion","LiquidBronze"]},{"floor":46,"relics":["PreservedInsect","Bottled Lightning","PrismaticShard"],"cards":["Finisher+1","Bane+1","Backflip+1","Mind Blast+1"],"potions":["Dexterity Potion","FairyPotion","DuplicationPotion"]},{"floor":54,"relics":["Unceasing Top","Ginger","DollysMirror"],"cards":["Underhanded Strike+1","Die Die Die+1","Wraith Form v2","Blind+1","Violence+1"],"potions":["Ancient Potion","Explosive Potion","Block Potion"]}],"circlet_count":0,"master_deck":["AscendersBane","Defend_G+1","Defend_G+1","Survivor+1","Neutralize+1","Poisoned Stab","HandOfGreed+1","Slice","Prepared","Phantasmal Killer+1","Noxious Fumes+1","Tools of the Trade+1","Terror+1","Terror+1","Cloak And Dagger+1","Crippling Poison","Acrobatics","PanicButton","Catalyst+1","Blur+1","Escape Plan+1","Tactician+1","Acrobatics+1","Adrenaline+1","Bouncing Flask+1","Heel Hook+1","Secret Weapon+1","Backflip+1","PiercingWail+1","Prepared+1","Tactician+1","Footwork+1","Secret Technique+1","Setup+1","Backflip+1"],"special_seed":0,"potion_use_per_floor":[[],[],[],[],[],[],["PowerPotion"],[],[],["SteroidPotion"],[],[],[],[],[],[],[],[],[],[],[],[],[],["LiquidBronze"],[],[],[],[],[],[],[],[],[],[],[],[],[],["Explosive Potion"],[],[],[],[],[],[],[],[],[],[],[],[],[],[],[],[],[],[]],"relics":["Ring of the Snake","Akabeko","Bronze Scales","Centennial Puzzle","TwistedFunnel","Astrolabe","MawBank","Toxic Egg 2","Ornamental Fan","Red Mask","Pocketwatch","Empty Cage","The Specimen","Molten Egg 2","Bottled Flame","InkBottle","War Paint"],"potions_floor_usage":[],"damage_taken":[{"damage":0.0,"enemies":"2 Louse","floor":1.0,"turns":4.0},{"damage":0.0,"enemies":"Cultist","floor":4.0,"turns":5.0},{"damage":1.0,"enemies":"Jaw Worm","floor":5.0,"turns":3.0},{"damage":22.0,"enemies":"3 Sentries","floor":7.0,"turns":10.0},{"damage":6.0,"enemies":"Gremlin Nob","floor":10.0,"turns":3.0},{"damage":3.0,"enemies":"Blue Slaver","floor":11.0,"turns":2.0},{"damage":0.0,"enemies":"3 Louse","floor":13.0,"turns":3.0},{"damage":23.0,"enemies":"Hexaghost","floor":16.0,"turns":7.0},{"damage":10.0,"enemies":"Shell Parasite","floor":18.0,"turns":4.0},{"damage":8.0,"enemies":"2 Thieves","floor":22.0,"turns":3.0},{"damage":16.0,"enemies":"Book of Stabbing","floor":24.0,"turns":4.0},{"damage":0.0,"enemies":"Snecko","floor":29.0,"turns":3.0},{"damage":4.0,"enemies":"Masked Bandits","floor":30.0,"turns":3.0},{"damage":21.0,"enemies":"Slavers","floor":31.0,"turns":6.0},{"damage":23.0,"enemies":"Automaton","floor":33.0,"turns":10.0},{"damage":0.0,"enemies":"Orb Walker","floor":35.0,"turns":3.0},{"damage":0.0,"enemies":"3 Shapes","floor":38.0,"turns":3.0},{"damage":10.0,"enemies":"Nemesis","floor":41.0,"turns":5.0},{"damage":0.0,"enemies":"Spire Growth","floor":44.0,"turns":3.0},{"damage":18.0,"enemies":"Giant Head","floor":45.0,"turns":6.0},{"damage":4,"enemies":"Awakened One","floor":50,"turns":11},{"damage":17,"enemies":"Donu and Deca","floor":51,"turns":8},{"damage":18,"enemies":"Shield and Spear","floor":55,"turns":5},{"damage":32,"enemies":"The Heart","floor":56,"turns":3}],"green_key_taken_log":7,"seed_played":"5169402590941354661","neow_bonus_log":{"cardsObtained":[],"cardsUpgraded":[],"cardsRemoved":[],"cardsTransformed":[],"relicsObtained":[],"maxHpGained":0,"goldGained":100,"damageTaken":0,"goldLost":0,"maxHpLost":0},"potions_obtained":[{"floor":1.0,"key":"SteroidPotion"},{"floor":4.0,"key":"Energy Potion"},{"floor":5.0,"key":"PowerPotion"},{"floor":16.0,"key":"Explosive Potion"},{"floor":18.0,"key":"LiquidBronze"},{"floor":33.0,"key":"Weak Potion"},{"floor":41.0,"key":"FearPotion"}],"is_trial":false,"path_per_floor":["M","?","$","M","M","R","E","R","T","E","M","R","M","$","R","B",null,"M","?","$","?","M","R","E","$","T","R","T","M","?","E","R","B",null,"M","?","?","M","$","R","E","T","T","M","E","$","R","?","R","B","B",null,"R","$","E","B"],"character_chosen":"THE_SILENT","basemod:card_modifiers":[null,null,null,null,null,null,null,null,null,null,null,null,null,null,null,null,null,null,null,null,null,null,null,null,null,null,null,null,null,null,null,null,null,null,null],"items_purchased":["HandOfGreed","TwistedFunnel","Acrobatics","PanicButton","The Specimen","Secret Weapon+1","Tactician+1","Footwork","Secret Technique+1","Setup+1","Backflip+1"],"campfire_rested":3,"item_purchase_floors":[3,14,20,20,39,39,46,46,46,54,54],"current_hp_per_floor":[59,50,50,50,49,49,27,46,46,40,37,37,37,37,37,14,53,43,43,43,43,35,35,19,19,19,38,38,38,34,13,32,9,52,52,52,52,52,52,52,42,42,42,42,24,24,24,54,54,50,33,49,49,49,31,0],"gold":31,"neow_bonus":"HUNDRED_GOLD","is_prod":false,"is_daily":false,"rewards_skipped":[{"floor":35,"relics":[],"potions":["Weak Potion"]}],"chose_seed":false,"campfire_upgraded":7,"win_rate":0,"floor_exit_playtime":[223,238,247,342,425,433,642,650,655,804,832,841,902,1039,1046,1142,1254,1407,1463,1509,1517,1595,1613,1742,1750,1753,1760,1764,1859,2150,2436,2439,2904,3100,3219,3223,3227,3336,3413,3431,3646,3663,3682,3873,4243,4346,4359,4426,4430,5379,6070,6081,6099,6133,6462],"timestamp":1702013281,"blue_key_relic_skipped_log":{"floor":43,"relicID":"Smiling Mask"},"path_taken":["M","?","$","M","M","R","E","R","T","E","M","R","M","$","R","BOSS","M","?","?","?","M","R","E","$","T","R","?","M","?","E","R","BOSS","M","?","?","M","$","R","E","?","T","M","E","$","R","?","R","BOSS","BOSS","R","$","E","BOSS"],"build_version":"2022-12-01","purchased_purges":3,"victory":false,"max_hp_per_floor":[66,66,66,66,66,66,66,66,66,66,66,66,66,66,66,66,66,66,66,66,66,66,66,66,66,66,66,66,66,66,66,66,66,66,66,66,66,66,66,66,66,66,66,66,66,66,66,54,54,54,54,54,54,54,54,54],"relic_stats":{"The Specimen":[120],"counters":[24,117],"Astrolabe":["Terror","Terror","Cloak And Dagger"],"War Paint":["Blur","Survivor"],"MawBank":180,"Centennial Puzzle":[42],"Bottled Flame":"Neutralize","Ornamental Fan":[116],"Bronze Scales":[302],"obtain_stats":[{"TwistedFunnel":14,"The Specimen":39,"Astrolabe":17,"War Paint":55,"MawBank":24,"Empty Cage":34,"Akabeko":7,"Centennial Puzzle":10,"Bottled Flame":42,"Ornamental Fan":28,"Bronze Scales":9,"Molten Egg 2":41,"Red Mask":30,"Toxic Egg 2":26,"InkBottle":45,"Ring of the Snake":0,"Pocketwatch":31},{"TwistedFunnel":7,"The Specimen":17,"Astrolabe":8,"War Paint":23,"MawBank":11,"Empty Cage":15,"Akabeko":4,"Centennial Puzzle":5,"Bottled Flame":18,"Ornamental Fan":11,"Bronze Scales":4,"Molten Egg 2":18,"Red Mask":13,"Toxic Egg 2":11,"InkBottle":20,"Ring of the Snake":0,"Pocketwatch":14},{"TwistedFunnel":30,"The Specimen":76,"Astrolabe":37,"War Paint":114,"MawBank":48,"Empty Cage":70,"Akabeko":22,"Centennial Puzzle":25,"Bottled Flame":81,"Ornamental Fan":48,"Bronze Scales":22,"Molten Egg 2":81,"Red Mask":54,"Toxic Egg 2":48,"InkBottle":90,"Ring of the Snake":0,"Pocketwatch":60}],"InkBottle":[26],"Ring of the Snake":[48],"Pocketwatch":[21]},"card_choices":[{"not_picked":["Dodge and Roll","Deflect"],"picked":"Poisoned Stab","floor":1.0},{"not_picked":["Prepared","Leg Sweep"],"picked":"Slice","floor":4.0},{"not_picked":["Bane","Underhanded Strike","Expertise"],"picked":"SKIP","floor":5.0},{"not_picked":["Blade Dance","Outmaneuver"],"picked":"Prepared","floor":7.0},{"not_picked":["Dodge and Roll","Tactician"],"picked":"Phantasmal Killer","floor":10.0},{"not_picked":["Choke","Prepared"],"picked":"Noxious Fumes","floor":11.0},{"not_picked":["Slice","Prepared","Poisoned Stab"],"picked":"SKIP","floor":13.0},{"not_picked":["Grand Finale","Unload"],"picked":"Tools of the Trade","floor":16.0},{"not_picked":["Quick Slash+1","Finisher+1"],"picked":"Crippling Poison","floor":18.0},{"not_picked":["Slice","Prepared"],"picked":"Catalyst","floor":22.0},{"not_picked":["Riddle With Holes","Accuracy"],"picked":"Blur","floor":24.0},{"not_picked":["Prepared+1","Caltrops"],"picked":"Escape Plan+1","floor":29.0},{"not_picked":["Reflex+1","Leg Sweep+1"],"picked":"Tactician+1","floor":30.0},{"not_picked":["Masterful Stab","Blade Dance+1"],"picked":"Acrobatics+1","floor":31.0},{"not_picked":["Die Die Die","Grand Finale"],"picked":"Adrenaline+1","floor":33.0},{"not_picked":["Blade Dance+1","Deadly Poison+1"],"picked":"Bouncing Flask+1","floor":35.0},{"not_picked":["Masterful Stab","Crippling Poison+1"],"picked":"Heel Hook+1","floor":38.0},{"not_picked":["Dash+1","Poisoned Stab+1"],"picked":"Backflip+1","floor":41.0},{"not_picked":["Skewer+1","Endless Agony+1"],"picked":"PiercingWail+1","floor":44.0},{"not_picked":["Blade Dance+1","Crippling Poison+1"],"picked":"Prepared+1","floor":45.0},{"not_picked":["Flying Knee+1","Leg Sweep+1","Backstab+1"],"picked":"SKIP","floor":55}],"player_experience":83723,"relics_obtained":[{"floor":7.0,"key":"Akabeko"},{"floor":9.0,"key":"Bronze Scales"},{"floor":10.0,"key":"Centennial Puzzle"},{"floor":24.0,"key":"MawBank"},{"floor":26.0,"key":"Toxic Egg 2"},{"floor":28.0,"key":"Ornamental Fan"},{"floor":30.0,"key":"Red Mask"},{"floor":31.0,"key":"Pocketwatch"},{"floor":41.0,"key":"Molten Egg 2"},{"floor":42.0,"key":"Bottled Flame"},{"floor":45.0,"key":"InkBottle"},{"floor":55,"key":"War Paint"}],"event_choices":[{"damage_healed":0.0,"max_hp_gain":0.0,"max_hp_loss":0.0,"gold_gain":0.0,"event_name":"Wheel of Change","player_choice":"Damaged","floor":2.0,"gold_loss":0.0,"damage_taken":9.0},{"damage_healed":0.0,"max_hp_gain":0.0,"max_hp_loss":0.0,"gold_gain":0.0,"event_name":"Back to Basics","player_choice":"Simplicity","floor":19.0,"gold_loss":0.0,"damage_taken":0.0,"cards_upgraded":["Strike_G","Strike_G","Defend_G","Defend_G","Defend_G","Defend_G"]},{"damage_healed":0.0,"max_hp_gain":0.0,"max_hp_loss":0.0,"gold_gain":0.0,"event_name":"Vampires","player_choice":"Ignored","floor":21.0,"gold_loss":0.0,"damage_taken":0.0},{"damage_healed":0.0,"max_hp_gain":0.0,"max_hp_loss":0.0,"gold_gain":0.0,"event_name":"Masked Bandits","player_choice":"Fought Bandits","floor":30.0,"gold_loss":0.0,"damage_taken":0.0},{"damage_healed":0.0,"max_hp_gain":0.0,"max_hp_loss":0.0,"gold_gain":0.0,"event_name":"SecretPortal","player_choice":"Ignored","floor":36.0,"gold_loss":0.0,"damage_taken":0.0},{"damage_healed":0.0,"max_hp_gain":0.0,"max_hp_loss":0.0,"gold_gain":222.0,"event_name":"Tomb of Lord Red Mask","player_choice":"Wore Mask","floor":37.0,"gold_loss":0.0,"damage_taken":0.0},{"damage_healed":54.0,"max_hp_gain":0.0,"max_hp_loss":12.0,"gold_gain":0.0,"event_name":"The Moai Head","player_choice":"Heal","floor":48.0,"gold_loss":0.0,"damage_taken":0.0}],"is_beta":false,"boss_relics":[{"not_picked":["Ring of the Serpent","Snecko Eye"],"picked":"Astrolabe"},{"not_picked":["SacredBark","Philosopher\u0027s Stone"],"picked":"Empty Cage"}],"items_purged_floors":[14,39,46],"is_endless":false,"potions_floor_spawned":[1,4,5,16,18,33,35,41],"killed_by":"The Heart","ascension_level":20,"potion_discard_per_floor":[[],[],[],[],["Energy Potion"],[],[],[],[],[],[],[],[],[],[],[],[],[],[],[],[],[],[],[],[],[],[],[],[],[],[],[],[],[],[],[],[],[],[],[],[],[],[],[],[],[],[],[],[],[],[],[],[],[],[],[]]}