{"neow_bonuses_skipped_log":["TRANSFORM_CARD","TRANSFORM_TWO_CARDS","BOSS_RELIC"],"potions_obtained_entropic_brew":[[],[],[],[],[],[],[],[],[],[],[],[],[],[],[],[],[],[],[],[],[],[],[],[]],"neow_costs_skipped_log":["NONE","NO_GOLD","NONE"],"gold_per_floor":[109,109,130,130,19,19,37,61,61,61,105,128,167,181,181,274,274,290,205,225,244,244,244,244],"floor_reached":24,"playtime":2487,"items_purged":[],"score":416,"play_id":"d844fdf4-e8b1-4129-8368-6ebcb292d452","local_time":"20231209125927","score_breakdown":["Floors Climbed (24): 120","Enemies Slain (9): 18","Exordium Elites Killed (2): 20","City Elites Killed (0): 0","Bosses Slain (1): 50","Ascension (20): 208"],"is_ascension_mode":true,"potions_obtained_alchemize":[[],[],[],[],[],[],[],[],[],[],[],[],[],[],[],[],[],[],[],[],[],[],[],[]],"campfire_choices":[{"data":"Predator","floor":6,"key":"SMITH"},{"data":"Crippling Poison","floor":10,"key":"SMITH"},{"floor":15,"key":"REST"},{"data":"Die Die Die","floor":23,"key":"SMITH"}],"lesson_learned_per_floor":[[],[],[],[],[],[],[],[],[],[],[],[],[],[],[],[],[],[],[],[],[],[],[],[]],"neow_cost":"NONE","improvable_cards":{},"seed_source_timestamp":284085313750125,"shop_contents":[{"floor":5,"relics":["Ornamental Fan","Regal Pillow","Strange Spoon"],"cards":["Backstab","Backflip","Distraction","Discovery","Violence"],"potions":["Poison Potion","Fire Potion","Weak Potion"]}],"circlet_count":0,"master_deck":["AscendersBane","Strike_G","Strike_G","Strike_G","Strike_G","Strike_G","Defend_G","Defend_G","Defend_G","Defend_G","Defend_G","Survivor","Neutralize","Predator+1","Sucker Punch","Footwork","Poisoned Stab","Caltrops","Crippling Poison+1","Backflip","Die Die Die+1","After Image","Acrobatics","Catalyst"],"potion_use_per_floor":[[],[],[],[],[],[],[],[],[],[],[],[],["Ancient Potion","Energy Potion"],[],[],["DistilledChaos"],[],[],[],[],["CunningPotion"],[],[],[]],"relics":["Ring of the Snake","NeowsBlessing","Golden Idol","Ice Cream","Bag of Preparation","Bottled Lightning","Coffee Dripper","Dead Branch"],"potions_floor_usage":[13,13,16,21],"damage_taken":[{"damage":0,"enemies":"2 Louse","floor":1,"turns":1},{"damage":0,"enemies":"Jaw Worm","floor":3,"turns":1},{"damage":0,"enemies":"Small Slimes","floor":7,"turns":1},{"damage":3,"enemies":"Looter","floor":8,"turns":3},{"damage":24,"enemies":"Lagavulin","floor":11,"turns":6},{"damage":1,"enemies":"Blue Slaver","floor":12,"turns":5},{"damage":22,"enemies":"Gremlin Nob","floor":13,"turns":4},{"damage":5,"enemies":"2 Fungi Beasts","floor":14,"turns":3},{"damage":2,"enemies":"The Guardian","floor":16,"turns":11},{"damage":0,"enemies":"Chosen","floor":18,"turns":5},{"damage":0,"enemies":"3 Byrds","floor":20,"turns":3},{"damage":14,"enemies":"Sentry and Sphere","floor":21,"turns":6},{"damage":52,"enemies":"Book of Stabbing","floor":24,"turns":5}],"seed_played":"8334383553555961892","neow_bonus_log":{"cardsObtained":[],"cardsUpgraded":[],"cardsRemoved":[],"cardsTransformed":[],"relicsObtained":["NeowsBlessing"],"maxHpGained":0,"goldGained":0,"damageTaken":0,"goldLost":0,"maxHpLost":0},"potions_obtained":[{"floor":8,"key":"Energy Potion"},{"floor":12,"key":"Ancient Potion"},{"floor":13,"key":"DistilledChaos"},{"floor":18,"key":"CunningPotion"}],"is_trial":false,"path_per_floor":["M","?","M","?","$","R","M","M","T","R","E","M","E","M","R","B",null,"M","?","M","M","?","R","E"],"character_chosen":"THE_SILENT","basemod:card_modifiers":[null,null,null,null,null,null,null,null,null,null,null,null,null,null,null,null,null,null,null,null,null,null,null,null],"items_purchased":["Footwork","Poisoned Stab"],"campfire_rested":1,"item_purchase_floors":[5,5],"current_hp_per_floor":[59,59,59,59,59,59,59,56,56,56,32,31,9,4,22,20,50,50,50,50,36,48,48,0],"gold":244,"neow_bonus":"THREE_ENEMY_KILL","is_prod":false,"is_daily":false,"rewards_skipped":[],"chose_seed":false,"campfire_upgraded":3,"win_rate":0,"floor_exit_playtime":[267,426,446,467,487,494,547,634,638,647,867,982,1088,1206,1209,1562,1604,1714,1721,1854,2206,2214,2258],"timestamp":1702144767,"path_taken":["M","?","?","?","?","R","M","M","T","R","E","M","E","M","R","BOSS","M","?","M","?","?","R","E"],"build_version":"2022-12-01","purchased_purges":0,"victory":false,"max_hp_per_floor":[66,60,60,60,60,60,60,60,60,60,60,60,60,60,60,60,60,60,60,60,60,60,60,60],"relic_stats":{"Ice Cream":[21],"counters":[13,54],"Golden Idol":68,"Dead Branch":[17],"Bag of Preparation":[16],"Bottled Lightning":"Crippling Poison","obtain_stats":[{"Ice Cream":9,"NeowsBlessing":0,"Golden Idol":2,"Dead Branch":19,"Bag of Preparation":11,"Coffee Dripper":17,"Bottled Lightning":13,"Ring of the Snake":0},{"Ice Cream":4,"NeowsBlessing":0,"Golden Idol":1,"Dead Branch":10,"Bag of Preparation":5,"Coffee Dripper":9,"Bottled Lightning":7,"Ring of the Snake":0},{"Ice Cream":6,"NeowsBlessing":0,"Golden Idol":1,"Dead Branch":40,"Bag of Preparation":12,"Coffee Dripper":35,"Bottled Lightning":21,"Ring of the Snake":0}],"Ring of the Snake":[26]},"card_choices":[{"not_picked":["Crippling Poison","Catalyst"],"picked":"Predator","floor":1},{"not_picked":["Cloak And Dagger","Acrobatics"],"picked":"Sucker Punch","floor":3},{"not_picked":["Quick Slash","Skewer"],"picked":"Caltrops","floor":7},{"not_picked":["Deflect","Sucker Punch"],"picked":"Crippling Poison","floor":8},{"not_picked":["Cloak And Dagger","Deflect"],"picked":"Backflip","floor":11},{"not_picked":["Eviscerate","Expertise","Poisoned Stab"],"picked":"SKIP","floor":12},{"not_picked":["Deflect","Deadly Poison"],"picked":"Die Die Die","floor":13},{"not_picked":["Underhanded Strike","Dagger Spray","Slice"],"picked":"SKIP","floor":14},{"not_picked":["Grand Finale","Storm of Steel"],"picked":"After Image","floor":16},{"not_picked":["Distraction","Bane","Flying Knee"],"picked":"SKIP","floor":18},{"not_picked":["Reflex","Sucker Punch"],"picked":"Acrobatics","floor":20},{"not_picked":["Dagger Throw","Footwork"],"picked":"Catalyst","floor":21}],"player_experience":95281,"relics_obtained":[{"floor":9,"key":"Ice Cream"},{"floor":11,"key":"Bag of Preparation"},{"floor":13,"key":"Bottled Lightning"}],"event_choices":[{"damage_healed":0,"gold_gain":0,"player_choice":"Lose Max HP","damage_taken":0,"relics_obtained":["Golden Idol"],"max_hp_gain":0,"max_hp_loss":6,"event_name":"Golden Idol","floor":2,"gold_loss":0},{"damage_healed":0,"gold_gain":0,"player_choice":"0 cards matched","damage_taken":0,"max_hp_gain":0,"max_hp_loss":0,"event_name":"Match and Keep!","floor":4,"gold_loss":0,"cards_obtained":[]},{"damage_healed":0,"gold_gain":0,"player_choice":"Obtained Relic","damage_taken":0,"relics_obtained":["Dead Branch"],"max_hp_gain":0,"max_hp_loss":0,"event_name":"Addict","floor":19,"gold_loss":85},{"damage_healed":12,"gold_gain":0,"player_choice":"Heal","damage_taken":0,"max_hp_gain":0,"max_hp_loss":0,"event_name":"The Library","floor":22,"gold_loss":0}],"is_beta":false,"boss_relics":[{"not_picked":["Fusion Hammer","Astrolabe"],"picked":"Coffee Dripper"}],"items_purged_floors":[],"is_endless":false,"potions_floor_spawned":[8,12,13,18],"killed_by":"Book of Stabbing","ascension_level":20,"potion_discard_per_floor":[[],[],[],[],[],[],[],[],[],[],[],[],[],[],[],[],[],[],[],[],[],[],[],[]]}