{"neow_bonuses_skipped_log":["THREE_ENEMY_KILL"],"potions_obtained_entropic_brew":[[],[],[],[],[],[],[],[],[],[],[],[],[],[],[],[],[],[],[],[],[],[],[],[],[],[],[],[],[],[],[],[],[]],"neow_costs_skipped_log":["NONE"],"gold_per_floor":[118,137,152,152,163,163,192,192,192,218,86,86,86,121,121,194,194,205,130,142,142,142,173,88,100,139,168,215,227,250,262,274,286],"floor_reached":33,"playtime":2680,"items_purged":["Defend_G"],"score":702,"play_id":"f7cdf962-e09e-4297-b4e2-89c6ca48d3dd","local_time":"20231210055626","score_breakdown":["Floors Climbed (33): 165","Enemies Slain (8): 16","Exordium Elites Killed (3): 30","City Elites Killed (2): 40","Bosses Slain (1): 50","Perfect (1): 50","Ascension (20): 351"],"is_ascension_mode":true,"potions_obtained_alchemize":[[],[],[],[],[],[],[],[],[],[],[],[],[],[],[],[],[],[],[],[],[],[],[],[],[],[],[],[],[],[],[],[],[]],"campfire_choices":[{"data":"All Out Attack","floor":6,"key":"SMITH"},{"data":"Blade Dance","floor":8,"key":"SMITH"},{"floor":13,"key":"REST"},{"data":"Choke","floor":15,"key":"SMITH"},{"floor":25,"key":"REST"},{"data":"Strike_G+1","floor":29,"key":"PURGE"},{"floor":32,"key":"REST"}],"lesson_learned_per_floor":[[],[],[],[],[],[],[],[],[],[],[],[],[],[],[],[],[],[],[],[],[],[],[],[],[],[],[],[],[],[],[],[],[]],"neow_cost":"NONE","improvable_cards":{},"seed_source_timestamp":314332862791333,"shop_contents":[{"floor":11,"relics":["MealTicket","Ancient Tea Set","TheAbacus"],"cards":["Finisher","Dagger Throw","Acrobatics","Concentrate","Infinite Blades","Panacea","Master of Strategy"],"potions":["Regen Potion","Swift Potion"]},{"floor":22,"relics":["Ice Cream","Bottled Flame","Strange Spoon"],"cards":["Heel Hook","Unload","Distraction","Escape Plan","Footwork","Dramatic Entrance","Secret Technique"],"potions":["Fire Potion","AttackPotion","Dexterity Potion"]}],"circlet_count":0,"master_deck":["AscendersBane","Strike_G+1","Strike_G+1","Strike_G+1","Defend_G+1","Defend_G+1","Defend_G+1","Defend_G+1","Survivor","Neutralize","Prepared","Blade Dance+1","Deadly Poison","All Out Attack+1","Endless Agony","PiercingWail","Choke+1","After Image","Bouncing Flask","PiercingWail","Crippling Poison","Catalyst","Acrobatics"],"potion_use_per_floor":[[],[],[],[],[],[],["FearPotion"],[],[],["Weak Potion"],[],[],[],[],[],[],[],[],[],[],[],[],["Swift Potion"],[],[],[],[],[],[],[],[],[],["Energy Potion"]],"relics":["Ring of the Snake","Gremlin Horn","Letter Opener","Pocketwatch","Peace Pipe","Sozu","Regal Pillow","MawBank","Strawberry","Blood Vial"],"potions_floor_usage":[7,10,23,33],"damage_taken":[{"damage":1,"enemies":"Small Slimes","floor":1,"turns":4},{"damage":9,"enemies":"Jaw Worm","floor":2,"turns":7},{"damage":1,"enemies":"Cultist","floor":3,"turns":4},{"damage":6,"enemies":"Blue Slaver","floor":5,"turns":4},{"damage":8,"enemies":"Gremlin Nob","floor":7,"turns":3},{"damage":19,"enemies":"Lagavulin","floor":10,"turns":8},{"damage":5,"enemies":"3 Sentries","floor":14,"turns":3},{"damage":0,"enemies":"Slime Boss","floor":16,"turns":7},{"damage":5,"enemies":"Chosen","floor":18,"turns":5},{"damage":17,"enemies":"Shell Parasite","floor":20,"turns":4},{"damage":21,"enemies":"Slavers","floor":23,"turns":3},{"damage":11,"enemies":"Cultist and Chosen","floor":27,"turns":5},{"damage":15,"enemies":"Book of Stabbing","floor":28,"turns":5},{"damage":13,"enemies":"Snake Plant","floor":30,"turns":4},{"damage":52,"enemies":"Automaton","floor":33,"turns":12}],"seed_played":"4541785032594265959","neow_bonus_log":{"cardsObtained":[],"cardsUpgraded":[],"cardsRemoved":[],"cardsTransformed":[],"relicsObtained":[],"maxHpGained":6,"goldGained":0,"damageTaken":0,"goldLost":0,"maxHpLost":0},"potions_obtained":[{"floor":1,"key":"FearPotion"},{"floor":2,"key":"Weak Potion"},{"floor":14,"key":"Swift Potion"}],"is_trial":false,"path_per_floor":["M","M","M","?","M","R","E","R","T","E","$","?","R","E","R","B",null,"M","?","M","?","$","E","?","R","T","M","E","R","M","?","R","B"],"character_chosen":"THE_SILENT","basemod:card_modifiers":[null,null,null,null,null,null,null,null,null,null,null,null,null,null,null,null,null,null,null,null,null,null,null],"items_purchased":["Energy Potion"],"campfire_rested":3,"item_purchase_floors":[11],"current_hp_per_floor":[64,55,54,54,48,48,40,40,40,21,21,21,42,37,37,37,63,58,58,41,41,41,20,20,56,63,52,37,37,26,3,43,0],"gold":286,"neow_bonus":"TEN_PERCENT_HP_BONUS","is_prod":false,"is_daily":false,"rewards_skipped":[{"floor":4,"relics":[],"potions":["Dexterity Potion","EssenceOfSteel"]},{"floor":20,"relics":[],"potions":["LiquidBronze"]},{"floor":23,"relics":[],"potions":["DuplicationPotion"]},{"floor":28,"relics":[],"potions":["DistilledChaos"]}],"chose_seed":false,"campfire_upgraded":3,"win_rate":0,"floor_exit_playtime":[107,205,263,288,356,372,435,465,469,592,733,740,747,936,951,1185,1280,1395,1408,1511,1521,1624,1836,1842,1860,1864,1970,2079,2094,2186,2199,2203],"timestamp":1702205786,"path_taken":["M","M","M","?","M","R","E","R","T","E","$","?","R","E","R","BOSS","M","?","M","?","?","E","?","R","T","M","E","R","?","?","R","BOSS"],"build_version":"2022-12-01","purchased_purges":1,"victory":false,"max_hp_per_floor":[72,72,72,72,72,72,72,72,72,72,72,72,72,72,72,72,72,72,72,72,72,72,72,72,72,79,79,79,79,79,84,84,84],"relic_stats":{"Peace Pipe":1,"Sozu":3,"Blood Vial":4,"Regal Pillow":30,"Gremlin Horn":[9,9],"counters":[15,78],"Letter Opener":[91],"MawBank":108,"obtain_stats":[{"Peace Pipe":14,"Sozu":17,"Blood Vial":28,"Regal Pillow":23,"Gremlin Horn":7,"Strawberry":26,"Letter Opener":9,"MawBank":24,"Ring of the Snake":0,"Pocketwatch":10},{"Peace Pipe":7,"Sozu":8,"Blood Vial":13,"Regal Pillow":11,"Gremlin Horn":5,"Strawberry":11,"Letter Opener":5,"MawBank":11,"Ring of the Snake":0,"Pocketwatch":6},{"Peace Pipe":33,"Sozu":40,"Blood Vial":62,"Regal Pillow":52,"Gremlin Horn":22,"Strawberry":52,"Letter Opener":22,"MawBank":52,"Ring of the Snake":0,"Pocketwatch":30}],"Ring of the Snake":[31],"Pocketwatch":[51]},"card_choices":[{"not_picked":["Backflip","Deflect"],"picked":"Prepared","floor":1},{"not_picked":["Underhanded Strike","Expertise"],"picked":"Blade Dance","floor":2},{"not_picked":["Dagger Spray","Burst"],"picked":"Deadly Poison","floor":3},{"not_picked":["Footwork","Terror"],"picked":"All Out Attack","floor":5},{"not_picked":["Well Laid Plans","Envenom"],"picked":"Endless Agony","floor":7},{"not_picked":["Riddle With Holes","Backflip"],"picked":"PiercingWail","floor":10},{"not_picked":["Backflip","Flying Knee"],"picked":"Choke","floor":14},{"not_picked":["Tools of the Trade","Grand Finale"],"picked":"After Image","floor":16},{"not_picked":["Reflex","PiercingWail"],"picked":"Bouncing Flask","floor":18},{"not_picked":["Infinite Blades","Deadly Poison+1","Bouncing Flask"],"picked":"SKIP","floor":20},{"not_picked":["Poisoned Stab","Skewer"],"picked":"PiercingWail","floor":23},{"not_picked":["Slice","Blade Dance"],"picked":"Crippling Poison","floor":27},{"not_picked":["Deadly Poison","Quick Slash"],"picked":"Catalyst","floor":28},{"not_picked":["Finisher","Terror"],"picked":"Acrobatics","floor":30}],"player_experience":102292,"relics_obtained":[{"floor":7,"key":"Gremlin Horn"},{"floor":9,"key":"Letter Opener"},{"floor":10,"key":"Pocketwatch"},{"floor":14,"key":"Peace Pipe"},{"floor":23,"key":"Regal Pillow"},{"floor":26,"key":"Strawberry"},{"floor":28,"key":"Blood Vial"}],"event_choices":[{"damage_healed":0,"gold_gain":0,"player_choice":"Got Potions","damage_taken":0,"max_hp_gain":0,"max_hp_loss":0,"event_name":"Lab","floor":4,"gold_loss":0},{"damage_healed":0,"gold_gain":0,"player_choice":"Ignored","damage_taken":0,"max_hp_gain":0,"max_hp_loss":0,"event_name":"Shining Light","floor":12,"gold_loss":0},{"cards_removed":["Strike_G"],"damage_healed":0,"gold_gain":0,"player_choice":"Gave Gold","damage_taken":0,"max_hp_gain":0,"max_hp_loss":0,"event_name":"Beggar","floor":19,"gold_loss":75},{"damage_healed":0,"gold_gain":0,"player_choice":"Simplicity","damage_taken":0,"max_hp_gain":0,"max_hp_loss":0,"event_name":"Back to Basics","floor":21,"gold_loss":0,"cards_upgraded":["Strike_G","Strike_G","Strike_G","Strike_G","Defend_G","Defend_G","Defend_G","Defend_G"]},{"damage_healed":0,"gold_gain":0,"player_choice":"Obtained Relic","damage_taken":0,"relics_obtained":["MawBank"],"max_hp_gain":0,"max_hp_loss":0,"event_name":"Addict","floor":24,"gold_loss":85},{"damage_healed":0,"gold_gain":0,"player_choice":"Shed Blood","damage_taken":28,"max_hp_gain":5,"max_hp_loss":0,"event_name":"Forgotten Altar","floor":31,"gold_loss":0}],"is_beta":false,"boss_relics":[{"not_picked":["Velvet Choker","Calling Bell"],"picked":"Sozu"}],"items_purged_floors":[11],"is_endless":false,"potions_floor_spawned":[1,2,14,20,23,28],"killed_by":"Automaton","ascension_level":20,"potion_discard_per_floor":[[],[],[],[],[],[],[],[],[],[],[],[],[],[],[],[],[],[],[],[],[],[],[],[],[],[],[],[],[],[],[],[],[]]}