{"neow_bonuses_skipped_log":["TEN_PERCENT_HP_BONUS"],"neow_costs_skipped_log":["NONE"],"potions_obtained_entropic_brew":[[],[],[],[],[],[],[],[],[],[],[],[],[],[],[],[],[],[],[],[],[],[],[],[]],"gold_per_floor":[114,124,124,38,113,113,143,143,143,176,186,186,186,126,126,198,198,214,214,224,25,39,39,39],"floor_reached":24,"playtime":1401,"items_purged":["Strike_G"],"score":454,"play_id":"78864ec3-ed76-4a6d-8c54-2de56fa102cd","local_time":"20231209000928","score_breakdown":["Floors Climbed (24): 120","Enemies Slain (6): 12","Exordium Elites Killed (2): 20","City Elites Killed (0): 0","Bosses Slain (1): 50","Champion (1): 25","Ascension (20): 227"],"is_ascension_mode":true,"potions_obtained_alchemize":[[],[],[],[],[],[],[],[],[],[],[],[],[],[],[],[],[],[],[],[],[],[],[],[]],"campfire_choices":[{"data":"Backstab","floor":6.0,"key":"SMITH"},{"data":"Deadly Poison","floor":8.0,"key":"SMITH"},{"data":"Catalyst","floor":13.0,"key":"SMITH"},{"data":"Neutralize","floor":15.0,"key":"SMITH"},{"data":"After Image","floor":23,"key":"SMITH"}],"lesson_learned_per_floor":[[],[],[],[],[],[],[],[],[],[],[],[],[],[],[],[],[],[],[],[],[],[],[],[]],"neow_cost":"NONE","improvable_cards":{},"seed_source_timestamp":240209024715250,"shop_contents":[{"floor":4,"relics":["Happy Flower","Paper Crane","TwistedFunnel"],"cards":["Endless Agony","Concentrate","Caltrops","Discovery","Thinking Ahead"],"potions":["PowerPotion","LiquidMemories","Block Potion"]},{"floor":14,"relics":["Regal Pillow","Toy Ornithopter","Chemical X"],"cards":["Bane","Eviscerate","Deadly Poison","Night Terror","Wraith Form v2","Flash of Steel","Master of Strategy"],"potions":["EssenceOfSteel","AttackPotion","Block Potion"]},{"floor":21,"relics":["Girya","PreservedInsect","Matryoshka"],"cards":["Flechettes","Dagger Spray","Crippling Poison","Outmaneuver","Footwork","Enlightenment","Magnetism"],"potions":["FearPotion","Block Potion","SkillPotion"]}],"circlet_count":0,"master_deck":["AscendersBane","Strike_G","Strike_G","Strike_G","Defend_G","Defend_G","Defend_G","Defend_G","Survivor","Neutralize+1","Backstab+1","Dagger Throw","Deadly Poison+1","Bane","Leg Sweep","Dagger Spray","Catalyst+1","Adrenaline","PiercingWail","After Image+1","Backflip","Noxious Fumes"],"special_seed":0,"potion_use_per_floor":[[],[],[],[],[],[],[],[],[],["Swift Potion"],["Regen Potion"],[],[],[],[],[],[],["Poison Potion"],[],[],[],[],[],[]],"relics":["Ring of the Snake","NeowsBlessing","The Courier","Letter Opener","Lizard Tail","SacredBark","OrangePellets"],"potions_floor_usage":[18],"damage_taken":[{"damage":0.0,"enemies":"Jaw Worm","floor":1.0,"turns":1.0},{"damage":0.0,"enemies":"Cultist","floor":2.0,"turns":1.0},{"damage":0.0,"enemies":"3 Sentries","floor":7.0,"turns":1.0},{"damage":8.0,"enemies":"Gremlin Nob","floor":10.0,"turns":3.0},{"damage":0.0,"enemies":"2 Louse","floor":11.0,"turns":6.0},{"damage":35.0,"enemies":"The Guardian","floor":16.0,"turns":11.0},{"damage":25,"enemies":"Spheric Guardian","floor":18,"turns":5},{"damage":6,"enemies":"3 Byrds","floor":20,"turns":9},{"damage":16,"enemies":"3 Cultists","floor":22,"turns":5},{"damage":48,"enemies":"Book of Stabbing","floor":24,"turns":5}],"seed_played":"-295258335980726799","neow_bonus_log":{"cardsObtained":[],"cardsUpgraded":[],"cardsRemoved":[],"cardsTransformed":[],"relicsObtained":["NeowsBlessing"],"maxHpGained":0,"goldGained":0,"damageTaken":0,"goldLost":0,"maxHpLost":0},"potions_obtained":[{"floor":1.0,"key":"Swift Potion"},{"floor":7.0,"key":"Regen Potion"},{"floor":11.0,"key":"Poison Potion"},{"floor":12.0,"key":"CunningPotion"},{"floor":16.0,"key":"Explosive Potion"}],"is_trial":false,"path_per_floor":["M","M","?","$","?","R","E","R","T","E","M","?","R","$","R","B",null,"M","?","M","$","M","R","E"],"character_chosen":"THE_SILENT","basemod:card_modifiers":[null,null,null,null,null,null,null,null,null,null,null,null,null,null,null,null,null,null,null,null,null,null],"items_purchased":["Deadly Poison","Bane","OrangePellets","Noxious Fumes"],"campfire_rested":0,"item_purchase_floors":[4,4,21,21],"current_hp_per_floor":[59,59,50,50,39,39,39,39,39,31,46,46,46,46,46,11,52,27,27,21,21,5,5,0],"gold":39,"neow_bonus":"THREE_ENEMY_KILL","is_prod":false,"is_daily":false,"rewards_skipped":[{"floor":12,"relics":[],"potions":["Energy Potion"]}],"chose_seed":false,"campfire_upgraded":5,"win_rate":0,"floor_exit_playtime":[67,81,95,154,162,203,219,229,232,299,370,379,408,453,466,643,717,803,834,1077,1100,1216,1282],"timestamp":1702098568,"path_taken":["M","M","?","$","?","R","E","R","T","E","M","?","R","?","R","BOSS","M","?","M","$","M","R","E"],"build_version":"2022-12-01","purchased_purges":1,"victory":false,"max_hp_per_floor":[66,66,66,66,66,66,66,66,66,66,66,66,66,66,66,66,66,66,66,66,66,66,66,66],"relic_stats":{"OrangePellets":[0],"Lizard Tail":33,"counters":[10,47],"The Courier":65,"Letter Opener":[79],"obtain_stats":[{"OrangePellets":21,"Lizard Tail":10,"NeowsBlessing":0,"SacredBark":17,"The Courier":7,"Letter Opener":9,"Ring of the Snake":0},{"OrangePellets":8,"Lizard Tail":4,"NeowsBlessing":0,"SacredBark":6,"The Courier":3,"Letter Opener":3,"Ring of the Snake":0},{"OrangePellets":37,"Lizard Tail":6,"NeowsBlessing":0,"SacredBark":23,"The Courier":3,"Letter Opener":3,"Ring of the Snake":0}],"Ring of the Snake":[20]},"card_choices":[{"not_picked":["Blade Dance","Outmaneuver"],"picked":"Backstab","floor":1.0},{"not_picked":["Dodge and Roll","Tactician"],"picked":"Dagger Throw","floor":2.0},{"not_picked":["Dagger Throw","Flechettes"],"picked":"Leg Sweep","floor":7.0},{"not_picked":["Deadly Poison","Flying Knee"],"picked":"Dagger Spray","floor":10.0},{"not_picked":["Skewer","Predator"],"picked":"Catalyst","floor":11.0},{"not_picked":["Unload","Doppelganger"],"picked":"Adrenaline","floor":16.0},{"not_picked":["All Out Attack","Cloak And Dagger"],"picked":"PiercingWail","floor":18},{"not_picked":["Reflex+1","Dash","Bane+1"],"picked":"SKIP","floor":20},{"not_picked":["Bane","Sucker Punch","Dagger Throw"],"picked":"SKIP","floor":22}],"player_experience":90930,"relics_obtained":[{"floor":7.0,"key":"The Courier"},{"floor":9.0,"key":"Letter Opener"},{"floor":10.0,"key":"Lizard Tail"}],"event_choices":[{"damage_healed":0.0,"max_hp_gain":0.0,"max_hp_loss":0.0,"gold_gain":0.0,"event_name":"Wheel of Change","player_choice":"Damaged","floor":3.0,"gold_loss":0.0,"damage_taken":9.0},{"damage_healed":0.0,"max_hp_gain":0.0,"max_hp_loss":0.0,"gold_gain":75.0,"event_name":"World of Goop","player_choice":"Gather Gold","floor":5.0,"gold_loss":0.0,"damage_taken":11.0},{"damage_healed":0.0,"max_hp_gain":0.0,"max_hp_loss":0.0,"gold_gain":0.0,"event_name":"Lab","player_choice":"Got Potions","floor":12.0,"gold_loss":0.0,"damage_taken":0.0},{"damage_healed":0,"gold_gain":0,"cards_transformed":["Defend_G","Strike_G"],"player_choice":"Became Test Subject","damage_taken":0,"max_hp_gain":0,"max_hp_loss":0,"event_name":"Drug Dealer","floor":19,"gold_loss":0,"cards_obtained":["After Image","Backflip"]}],"is_beta":false,"boss_relics":[{"not_picked":["Empty Cage","Runic Dome"],"picked":"SacredBark"}],"items_purged_floors":[14],"is_endless":false,"potions_floor_spawned":[1,7,11,16],"killed_by":"Book of Stabbing","ascension_level":20,"potion_discard_per_floor":[[],[],[],[],[],[],[],[],[],[],[],[],[],[],[],["CunningPotion"],[],[],[],[],[],[],[],[]]}