{"neow_bonuses_skipped_log":["UPGRADE_CARD","HUNDRED_GOLD","BOSS_RELIC"],"neow_costs_skipped_log":["NONE","NONE","NONE"],"potions_obtained_entropic_brew":[[],[],[],[],[],[]],"gold_per_floor":[109,128,141,141,141,141],"floor_reached":6,"playtime":416,"items_purged":[],"score":72,"play_id":"30d487cd-e80e-4357-a331-d22d2de2bed6","local_time":"20231218000326","score_breakdown":["Floors Climbed (6): 30","Enemies Slain (3): 6","Exordium Elites Killed (0): 0","Bosses Slain (0): 0","Ascension (20): 36"],"is_ascension_mode":true,"potions_obtained_alchemize":[[],[],[],[],[],[]],"campfire_choices":[],"lesson_learned_per_floor":[[],[],[],[],[],[]],"neow_cost":"TEN_PERCENT_HP_LOSS","improvable_cards":{},"seed_source_timestamp":319969005698708,"shop_contents":[{"floor":4,"relics":["Centennial Puzzle","Omamori","HandDrill"],"cards":["Bane","Choke","Outmaneuver","Prepared","Caltrops","Good Instincts","Panache"],"potions":["Energy Potion","LiquidMemories","PowerPotion"]}],"circlet_count":0,"master_deck":["AscendersBane","Strike_G","Strike_G","Strike_G","Strike_G","Strike_G","Defend_G","Defend_G","Defend_G","Defend_G","Defend_G","Survivor","Neutralize","Storm of Steel","Poisoned Stab","Reflex","Blade Dance"],"special_seed":0,"potion_use_per_floor":[[],[],[],[],[],["Swift Potion"]],"relics":["Ring of the Snake","CeramicFish"],"potions_floor_usage":[6],"damage_taken":[{"damage":0.0,"enemies":"2 Louse","floor":1.0,"turns":5.0},{"damage":0.0,"enemies":"Cultist","floor":2.0,"turns":3.0},{"damage":7,"enemies":"Small Slimes","floor":3,"turns":3},{"damage":64,"enemies":"Gremlin Nob","floor":6,"turns":4}],"seed_played":"-4117900581451302531","neow_bonus_log":{"cardsObtained":[],"cardsUpgraded":[],"cardsRemoved":[],"cardsTransformed":[],"relicsObtained":[],"maxHpGained":0,"goldGained":0,"damageTaken":0,"goldLost":0,"maxHpLost":6},"potions_obtained":[{"floor":1.0,"key":"Dexterity Potion"},{"floor":3,"key":"Swift Potion"}],"is_trial":false,"path_per_floor":["M","M","M","$","?","E"],"character_chosen":"THE_SILENT","basemod:card_modifiers":[null,null,null,null,null,null,null,null,null,null,null,null,null,null,null,null,null],"items_purchased":[],"campfire_rested":0,"item_purchase_floors":[],"current_hp_per_floor":[59,59,52,52,47,0],"gold":141,"neow_bonus":"THREE_RARE_CARDS","is_prod":false,"is_daily":false,"rewards_skipped":[],"chose_seed":false,"campfire_upgraded":0,"win_rate":1,"floor_exit_playtime":[285,308,342,358,366],"timestamp":1702875806,"path_taken":["M","M","M","$","?","E"],"build_version":"2022-12-01","purchased_purges":0,"victory":false,"max_hp_per_floor":[60,60,60,60,60,60],"relic_stats":{"counters":[4,15],"CeramicFish":0,"obtain_stats":[{"CeramicFish":5,"Ring of the Snake":0},{"CeramicFish":3,"Ring of the Snake":0},{"CeramicFish":11,"Ring of the Snake":0}],"Ring of the Snake":[8]},"card_choices":[{"not_picked":["Bullet Time","Corpse Explosion"],"picked":"Storm of Steel","floor":0.0},{"not_picked":["Footwork","Acrobatics"],"picked":"Poisoned Stab","floor":1.0},{"not_picked":["Slice","Quick Slash"],"picked":"Reflex","floor":2},{"not_picked":["Dodge and Roll","Escape Plan"],"picked":"Blade Dance","floor":3}],"player_experience":65070,"relics_obtained":[],"event_choices":[{"damage_healed":0,"gold_gain":0,"player_choice":"Success","damage_taken":5,"relics_obtained":["CeramicFish"],"max_hp_gain":0,"max_hp_loss":0,"event_name":"Scrap Ooze","floor":5,"gold_loss":0}],"is_beta":false,"boss_relics":[],"items_purged_floors":[],"is_endless":false,"potions_floor_spawned":[1,3],"killed_by":"Gremlin Nob","ascension_level":20,"potion_discard_per_floor":[[],[],[],[],[],[]]}