{"neow_bonuses_skipped_log":["REMOVE_CARD","THREE_RARE_CARDS","BOSS_RELIC"],"potions_obtained_entropic_brew":[[],[],[],[],[],[],[],[],[],[],[],[],[],[],[],[],[],[],[],[],[],[],[],[],[],[],[],[],[],[],[],[],[],[],[],[],[],[],[],[],[],[],[],[],[],[],[],[],[],[],[],[],[],[],[],[],[]],"neow_costs_skipped_log":["NONE","CURSE","NONE"],"gold_per_floor":[110,160,174,174,174,174,184,212,293,311,236,236,236,288,288,386,413,434,359,40,59,75,75,118,118,118,118,147,187,214,214,214,319,319,372,74,114,114,132,132,174,174,199,226,253,253,272,315,315,315,315,315,315,22,57,57],"floor_reached":57,"playtime":5167,"items_purged":["Strike_G","Strike_G","Defend_G"],"score":3033,"play_id":"47d03951-6e2a-402a-b037-9ddbbf044114","local_time":"20231210203026","falling_options_log":["Catalyst+1","Accuracy"],"score_breakdown":["Floors Climbed (57): 285","Enemies Slain (12): 24","Exordium Elites Killed (2): 20","City Elites Killed (2): 40","Beyond Elites Killed (2): 60","Bosses Slain (5): 750","Money Money (1027): 25","Champion (3): 75","Perfect (2): 100","Overkill: 25","Ascension (20): 1379","Heartbreaker: 250"],"is_ascension_mode":true,"potions_obtained_alchemize":[[],[],[],[],[],[],[],[],[],[],[],[],[],[],[],[],[],[],[],[],[],[],[],[],[],[],[],[],[],[],[],[],[],[],[],[],[],[],[],[],[],[],[],[],[],[],[],[],[],[],[],[],[],[],[],[],[]],"campfire_choices":[{"floor":6.0,"key":"REST"},{"data":"Corpse Explosion","floor":13.0,"key":"SMITH"},{"data":"Acrobatics","floor":15.0,"key":"SMITH"},{"data":"Wraith Form v2","floor":23.0,"key":"SMITH"},{"data":"Footwork","floor":25.0,"key":"SMITH"},{"data":"Neutralize","floor":27.0,"key":"SMITH"},{"floor":32.0,"key":"REST"},{"floor":40.0,"key":"RECALL"},{"data":"Deadly Poison","floor":42.0,"key":"SMITH"},{"floor":49.0,"key":"REST"},{"data":"PiercingWail","floor":53.0,"key":"SMITH"}],"lesson_learned_per_floor":[[],[],[],[],[],[],[],[],[],[],[],[],[],[],[],[],[],[],[],[],[],[],[],[],[],[],[],[],[],[],[],[],[],[],[],[],[],[],[],[],[],[],[],[],[],[],[],[],[],[],[],[],[],[],[],[],[]],"neow_cost":"NONE","improvable_cards":{},"seed_source_timestamp":0,"shop_contents":[{"floor":11,"relics":["Blood Vial","Regal Pillow","Medical Kit"],"cards":["Flechettes","Dagger Throw","Blade Dance","Dodge and Roll","Noxious Fumes","Good Instincts","Chrysalis"],"potions":["SteroidPotion","Fire Potion","BlessingOfTheForge"]},{"floor":20,"relics":["Anchor","Cauldron"],"cards":["Poisoned Stab","Sucker Punch","Leg Sweep","Blade Dance","Noxious Fumes","Bandage Up","Metamorphosis"],"potions":["Explosive Potion","BlessingOfTheForge","Block Potion"]},{"floor":36,"relics":["Nunchaku","Matryoshka"],"cards":["Dagger Spray","Finisher","Reflex+1","Wraith Form v2","Impatience+1","Secret Weapon+1"],"potions":["Weak Potion","BlessingOfTheForge","LiquidMemories"]},{"floor":54,"relics":["Oddly Smooth Stone","Bag of Marbles"],"cards":["Poisoned Stab","Bane","Cloak And Dagger+1","Blade Dance+1","Well Laid Plans","Deep Breath+1","Transmutation+1"],"potions":["FearPotion","CunningPotion","Fire Potion"]}],"circlet_count":0,"master_deck":["AscendersBane","Defend_G+1","Defend_G","Survivor","Neutralize+1","Blade Dance+1","Corpse Explosion+1","Deadly Poison+1","PiercingWail","Escape Plan","Acrobatics+1","PiercingWail+1","Wraith Form v2+1","PiercingWail+1","Backstab+1","Bullet Time+1","Footwork+1","Adrenaline+1","Catalyst+1","Night Terror+1","Accuracy","Catalyst+1","Outmaneuver+1","Madness+1","Madness+1","Catalyst+1","Acrobatics+1","Good Instincts+1","Discovery+1","PanicButton+1","Well Laid Plans+1"],"special_seed":0,"potion_use_per_floor":[[],[],[],[],[],[],[],["SkillPotion"],[],[],[],[],[],["SkillPotion"],[],["AttackPotion"],[],[],[],[],["Explosive Potion"],["Strength Potion"],[],[],[],[],[],["Weak Potion"],["SteroidPotion"],[],[],[],["Poison Potion"],[],["ColorlessPotion"],[],[],[],[],[],[],[],[],[],[],[],[],["DistilledChaos"],[],["SneckoOil"],[],[],[],[],[],["PowerPotion"],[]],"relics":["Ring of the Snake","PreservedInsect","White Beast Statue","Question Card","Golden Idol","CeramicFish","Astrolabe","Gambling Chip","Juzu Bracelet","Toxic Egg 2","Ninja Scroll","Philosopher\u0027s Stone","TwistedFunnel","Tough Bandages","Strawberry","Centennial Puzzle","Toolbox","Toy Ornithopter"],"potions_floor_usage":[56],"damage_taken":[{"damage":7.0,"enemies":"Cultist","floor":1.0,"turns":6.0},{"damage":0.0,"enemies":"2 Louse","floor":3.0,"turns":3.0},{"damage":0.0,"enemies":"Jaw Worm","floor":7.0,"turns":3.0},{"damage":9.0,"enemies":"Gremlin Nob","floor":8.0,"turns":3.0},{"damage":0.0,"enemies":"3 Louse","floor":10.0,"turns":2.0},{"damage":24.0,"enemies":"Lagavulin","floor":14.0,"turns":5.0},{"damage":14.0,"enemies":"The Guardian","floor":16.0,"turns":10.0},{"damage":0.0,"enemies":"3 Byrds","floor":18.0,"turns":2.0},{"damage":0.0,"enemies":"2 Thieves","floor":21.0,"turns":1.0},{"damage":7.0,"enemies":"Centurion and Healer","floor":22.0,"turns":3.0},{"damage":4.0,"enemies":"Slavers","floor":24.0,"turns":2.0},{"damage":1.0,"enemies":"Sentry and Sphere","floor":28.0,"turns":5.0},{"damage":0.0,"enemies":"Book of Stabbing","floor":29.0,"turns":5.0},{"damage":0.0,"enemies":"3 Cultists","floor":30.0,"turns":1.0},{"damage":0.0,"enemies":"Collector","floor":33.0,"turns":5.0},{"damage":0.0,"enemies":"Orb Walker","floor":35.0,"turns":2.0},{"damage":0.0,"enemies":"Mind Bloom Boss Battle","floor":37.0,"turns":2.0},{"damage":0.0,"enemies":"Nemesis","floor":41.0,"turns":3.0},{"damage":0.0,"enemies":"3 Shapes","floor":44.0,"turns":3.0},{"damage":0.0,"enemies":"Sphere and 2 Shapes","floor":47.0,"turns":3.0},{"damage":0.0,"enemies":"Reptomancer","floor":48.0,"turns":1.0},{"damage":0.0,"enemies":"Donu and Deca","floor":50.0,"turns":3.0},{"damage":6.0,"enemies":"Awakened One","floor":51.0,"turns":12.0},{"damage":5,"enemies":"Shield and Spear","floor":55,"turns":3},{"damage":2,"enemies":"The Heart","floor":56,"turns":4}],"green_key_taken_log":48,"seed_played":"-5675136016864998230","neow_bonus_log":{"cardsObtained":[],"cardsUpgraded":[],"cardsRemoved":[],"cardsTransformed":[],"relicsObtained":["PreservedInsect"],"maxHpGained":0,"goldGained":0,"damageTaken":0,"goldLost":0,"maxHpLost":0},"potions_obtained":[{"floor":1.0,"key":"Explosive Potion"},{"floor":3.0,"key":"SkillPotion"},{"floor":10.0,"key":"SkillPotion"},{"floor":14.0,"key":"AttackPotion"},{"floor":16.0,"key":"AttackPotion"},{"floor":18.0,"key":"Strength Potion"},{"floor":21.0,"key":"SteroidPotion"},{"floor":22.0,"key":"Weak Potion"},{"floor":28.0,"key":"SneckoOil"},{"floor":29.0,"key":"ColorlessPotion"},{"floor":30.0,"key":"Poison Potion"},{"floor":33.0,"key":"BlessingOfTheForge"},{"floor":35.0,"key":"FearPotion"},{"floor":37.0,"key":"PowerPotion"},{"floor":41.0,"key":"DistilledChaos"},{"floor":48.0,"key":"SneckoOil"},{"floor":55,"key":"FearPotion"}],"is_trial":false,"path_per_floor":["M","?","M","?","?","R","M","E","T","M","$","?","R","E","R","B",null,"M","?","$","M","M","R","E","R","T","R","M","E","M","?","R","B",null,"M","$","?","?","?","R","E","R","T","M","?","?","M","E","R","B","B",null,"R","$","E","B",null],"character_chosen":"THE_SILENT","basemod:card_modifiers":[null,null,null,null,null,null,null,null,null,null,null,null,null,null,null,null,null,null,null,null,null,null,null,null,null,null,null,null,null,null,null],"items_purchased":["Gambling Chip","Catalyst+1","TwistedFunnel","Toolbox"],"campfire_rested":3,"item_purchase_floors":[20,36,36,54],"current_hp_per_floor":[52,52,52,52,32,51,51,42,42,42,42,42,42,18,18,4,46,46,46,46,46,39,39,35,35,35,35,34,34,34,34,52,52,58,58,58,58,58,47,47,54,54,54,54,44,44,44,44,64,64,58,65,65,65,60,63],"gold":57,"neow_bonus":"RANDOM_COMMON_RELIC","is_prod":false,"is_daily":false,"rewards_skipped":[{"floor":24,"relics":[],"potions":["SkillPotion"]},{"floor":44,"relics":[],"potions":["DistilledChaos"]},{"floor":47,"relics":[],"potions":["Fire Potion"]}],"chose_seed":false,"campfire_upgraded":7,"win_rate":0,"floor_exit_playtime":[207,217,265,286,295,319,360,475,479,535,566,579,601,706,730,979,1143,1271,1292,1327,1418,1533,1542,1625,1634,1639,1650,1756,1914,1999,2003,2016,2310,2419,2602,2648,2746,2749,2785,2798,2893,2912,2916,3057,3138,3144,3299,3436,3446,3661,4199,4213,4228,4539,4847,5167],"timestamp":1702258226,"blue_key_relic_skipped_log":{"floor":43,"relicID":"MealTicket"},"path_taken":["M","?","M","?","?","R","M","E","T","M","?","?","R","E","R","BOSS","M","?","$","M","M","R","E","R","T","R","M","E","M","?","R","BOSS","M","$","?","?","?","R","E","R","T","M","?","?","M","E","R","BOSS","BOSS","R","$","E","BOSS"],"build_version":"2022-12-01","purchased_purges":3,"victory":true,"max_hp_per_floor":[66,66,66,66,66,66,66,66,66,66,66,60,60,60,60,60,60,60,60,60,60,60,60,60,60,60,60,60,60,60,60,60,60,60,60,60,60,60,60,60,67,67,67,67,67,67,67,67,67,67,67,67,67,67,67,67],"relic_stats":{"counters":[25,92],"Golden Idol":175,"CeramicFish":180,"Astrolabe":["PiercingWail","Backstab","Bullet Time"],"PreservedInsect":341,"Juzu Bracelet":1,"Question Card":21,"White Beast Statue":[0.0,0.0,0.0,0.4,0.0,0.6000000000000001,0.0,0.0,0.0,0.0,0.0,7.870958080000002],"Tough Bandages":[237],"Centennial Puzzle":[9],"Gambling Chip":[95],"obtain_stats":[{"TwistedFunnel":36,"Golden Idol":12,"CeramicFish":14,"Astrolabe":17,"PreservedInsect":0,"Juzu Bracelet":24,"Question Card":9,"White Beast Statue":8,"Tough Bandages":37,"Centennial Puzzle":48,"Ninja Scroll":29,"Gambling Chip":20,"Strawberry":41,"Toolbox":54,"Philosopher\u0027s Stone":34,"Toxic Egg 2":26,"Toy Ornithopter":55,"Ring of the Snake":0},{"TwistedFunnel":16,"Golden Idol":5,"CeramicFish":6,"Astrolabe":7,"PreservedInsect":0,"Juzu Bracelet":11,"Question Card":4,"White Beast Statue":4,"Tough Bandages":17,"Centennial Puzzle":21,"Ninja Scroll":13,"Gambling Chip":8,"Strawberry":18,"Toolbox":23,"Philosopher\u0027s Stone":15,"Toxic Egg 2":11,"Toy Ornithopter":24,"Ring of the Snake":0},{"TwistedFunnel":58,"Golden Idol":17,"CeramicFish":22,"Astrolabe":32,"PreservedInsect":0,"Juzu Bracelet":40,"Question Card":15,"White Beast Statue":15,"Tough Bandages":60,"Centennial Puzzle":70,"Ninja Scroll":50,"Gambling Chip":34,"Strawberry":63,"Toolbox":85,"Philosopher\u0027s Stone":56,"Toxic Egg 2":40,"Toy Ornithopter":88,"Ring of the Snake":0}],"Toy Ornithopter":5,"Ring of the Snake":[48]},"card_choices":[{"not_picked":["Backflip","Dodge and Roll"],"picked":"Blade Dance","floor":1.0},{"not_picked":["Dodge and Roll","Dagger Throw"],"picked":"Corpse Explosion","floor":3.0},{"not_picked":["Flechettes","Outmaneuver"],"picked":"PiercingWail","floor":7.0},{"not_picked":["Riddle With Holes","Setup"],"picked":"Escape Plan","floor":8.0},{"not_picked":["Sucker Punch","Underhanded Strike","Dagger Spray"],"picked":"Acrobatics","floor":10.0},{"not_picked":["Bane","Accuracy","Acrobatics"],"picked":"PiercingWail","floor":14.0},{"not_picked":["Die Die Die","Doppelganger","A Thousand Cuts"],"picked":"Wraith Form v2","floor":16.0},{"not_picked":["Quick Slash","Outmaneuver","Bane","PiercingWail"],"picked":"SKIP","floor":18.0},{"not_picked":["Flying Knee","Tactician","Sucker Punch","Backflip"],"picked":"SKIP","floor":21.0},{"not_picked":["Eviscerate","Quick Slash","Cloak And Dagger","Dodge and Roll"],"picked":"SKIP","floor":22.0},{"not_picked":["Underhanded Strike+1","Outmaneuver","Backflip"],"picked":"Footwork","floor":24.0},{"not_picked":["Backflip+1","Deadly Poison+1","Slice"],"picked":"Adrenaline+1","floor":28.0},{"not_picked":["Dagger Spray","Flying Knee","Dash","Dagger Throw"],"picked":"SKIP","floor":29.0},{"not_picked":["Dodge and Roll+1","Predator","Acrobatics+1"],"picked":"Catalyst+1","floor":30.0},{"not_picked":["Unload","Doppelganger+1","Phantasmal Killer+1"],"picked":"Night Terror+1","floor":33.0},{"not_picked":["Blade Dance+1","PiercingWail+1","Poisoned Stab"],"picked":"Accuracy","floor":35.0},{"not_picked":["PiercingWail+1","Sucker Punch","Dodge and Roll+1"],"picked":"Outmaneuver+1","floor":37.0},{"not_picked":["Slice","Leg Sweep+1","Poisoned Stab"],"picked":"Catalyst+1","floor":41.0},{"not_picked":["Blade Dance+1","Die Die Die","Eviscerate"],"picked":"Acrobatics+1","floor":44.0},{"not_picked":["Discovery+1","Blind+1","Mayhem"],"picked":"Good Instincts+1","floor":45.0},{"not_picked":["Dramatic Entrance","Master of Strategy+1","Magnetism"],"picked":"Discovery+1","floor":45.0},{"not_picked":["The Bomb+1","Forethought+1","Flash of Steel"],"picked":"PanicButton+1","floor":45.0},{"not_picked":["Predator","Leg Sweep+1","PiercingWail+1","Blade Dance+1"],"picked":"SKIP","floor":47.0},{"not_picked":["Outmaneuver+1","Wraith Form v2","Crippling Poison+1"],"picked":"Well Laid Plans+1","floor":48.0},{"not_picked":["Blade Dance+1","Slice+1","Dodge and Roll+1","Dagger Spray"],"picked":"SKIP","floor":55}],"player_experience":107561,"relics_obtained":[{"floor":8.0,"key":"White Beast Statue"},{"floor":9.0,"key":"Question Card"},{"floor":14.0,"key":"CeramicFish"},{"floor":24.0,"key":"Juzu Bracelet"},{"floor":26.0,"key":"Toxic Egg 2"},{"floor":29.0,"key":"Ninja Scroll"},{"floor":37.0,"key":"Tough Bandages"},{"floor":41.0,"key":"Strawberry"},{"floor":48.0,"key":"Centennial Puzzle"},{"floor":55,"key":"Toy Ornithopter"}],"event_choices":[{"damage_healed":0.0,"max_hp_gain":0.0,"max_hp_loss":0.0,"gold_gain":50.0,"event_name":"Golden Shrine","player_choice":"Pray","floor":2.0,"gold_loss":0.0,"damage_taken":0.0},{"damage_healed":0.0,"max_hp_gain":0.0,"max_hp_loss":0.0,"gold_gain":0.0,"event_name":"Match and Keep!","player_choice":"1 cards matched","floor":4.0,"gold_loss":0.0,"damage_taken":0.0,"cards_obtained":["Deadly Poison"]},{"damage_healed":0.0,"max_hp_gain":0.0,"max_hp_loss":0.0,"gold_gain":0.0,"event_name":"Shining Light","player_choice":"Entered Light","floor":5.0,"gold_loss":0.0,"damage_taken":20.0,"cards_upgraded":["Defend_G","Blade Dance"]},{"damage_healed":0.0,"max_hp_gain":0.0,"max_hp_loss":6.0,"gold_gain":0.0,"event_name":"Golden Idol","player_choice":"Lose Max HP","floor":12.0,"gold_loss":0.0,"damage_taken":0.0,"relics_obtained":["Golden Idol"]},{"cards_removed":["Defend_G"],"damage_healed":0.0,"max_hp_gain":0.0,"max_hp_loss":0.0,"gold_gain":0.0,"event_name":"Beggar","player_choice":"Gave Gold","floor":19.0,"gold_loss":75.0,"damage_taken":0.0},{"damage_healed":0.0,"max_hp_gain":0.0,"max_hp_loss":0.0,"gold_gain":0.0,"event_name":"The Mausoleum","player_choice":"Ignored","floor":31.0,"gold_loss":0.0,"damage_taken":0.0},{"damage_healed":0.0,"max_hp_gain":0.0,"max_hp_loss":0.0,"gold_gain":0.0,"event_name":"MindBloom","player_choice":"Fight","floor":37.0,"gold_loss":0.0,"damage_taken":0.0},{"damage_healed":0.0,"max_hp_gain":0.0,"max_hp_loss":0.0,"gold_gain":0.0,"event_name":"Tomb of Lord Red Mask","player_choice":"Ignored","floor":38.0,"gold_loss":0.0,"damage_taken":0.0},{"damage_healed":0.0,"max_hp_gain":0.0,"max_hp_loss":0.0,"gold_gain":0.0,"event_name":"Winding Halls","player_choice":"Embrace Madness","floor":39.0,"gold_loss":0.0,"damage_taken":11.0,"cards_obtained":["Madness","Madness"]},{"damage_healed":0.0,"max_hp_gain":0.0,"max_hp_loss":0.0,"gold_gain":0.0,"event_name":"SensoryStone","player_choice":"Memory 3","floor":45.0,"gold_loss":0.0,"damage_taken":10.0},{"cards_removed":["Strike_G"],"damage_healed":0.0,"max_hp_gain":0.0,"max_hp_loss":0.0,"gold_gain":0.0,"event_name":"Falling","player_choice":"Removed Attack","floor":46.0,"gold_loss":0.0,"damage_taken":0.0}],"is_beta":false,"boss_relics":[{"not_picked":["Empty Cage","Calling Bell"],"picked":"Astrolabe"},{"not_picked":["HoveringKite","Ring of the Serpent"],"picked":"Philosopher\u0027s Stone"}],"items_purged_floors":[11,36,54],"is_endless":false,"potions_floor_spawned":[1,3,10,14,16,18,21,22,24,28,29,30,33,35,37,41,44,47,48,55],"ascension_level":20,"potion_discard_per_floor":[[],[],[],[],[],[],[],[],[],[],[],[],[],[],[],[],[],["AttackPotion"],[],[],[],[],[],[],[],[],[],[],[],["SneckoOil"],[],[],[],[],[],[],["BlessingOfTheForge"],[],[],[],["FearPotion"],[],[],[],[],[],[],[],[],[],[],[],[],[],[],[],[]]}