{"neow_bonuses_skipped_log":["UPGRADE_CARD","THREE_SMALL_POTIONS","BOSS_RELIC"],"potions_obtained_entropic_brew":[[],[],[],[],[],[],[],[],[],[],[],[],[],[],[],[]],"neow_costs_skipped_log":["NONE","NONE","NONE"],"gold_per_floor":[15,32,52,72,72,72,89,123,148,163,180,180,105,133,133,133],"floor_reached":16,"playtime":1091,"items_purged":["Defend_G"],"score":228,"play_id":"3aefbeaf-83f3-47fe-aef7-e411e47e56b0","local_time":"20231224165847","score_breakdown":["Floors Climbed (16): 80","Enemies Slain (7): 14","Exordium Elites Killed (2): 20","Bosses Slain (0): 0","Ascension (20): 114"],"is_ascension_mode":true,"potions_obtained_alchemize":[[],[],[],[],[],[],[],[],[],[],[],[],[],[],[],[]],"campfire_choices":[{"data":"Skewer","floor":6.0,"key":"SMITH"},{"data":"Dagger Spray","floor":12,"key":"SMITH"},{"floor":15,"key":"REST"}],"lesson_learned_per_floor":[[],[],[],[],[],[],[],[],[],[],[],[],[],[],[],[]],"neow_cost":"NO_GOLD","improvable_cards":{},"seed_source_timestamp":18845091282792,"shop_contents":[{"floor":13,"relics":["Mango","Regal Pillow","PrismaticShard"],"cards":["Poisoned Stab","Flying Knee","Dodge and Roll","Distraction","Noxious Fumes","Madness","Secret Weapon"],"potions":["Poison Potion","FearPotion","AttackPotion"]}],"circlet_count":0,"master_deck":["AscendersBane","Strike_G","Strike_G","Strike_G","Strike_G","Strike_G","Defend_G","Defend_G","Defend_G","Defend_G","Survivor","Neutralize","Dagger Throw","Sucker Punch","Skewer+1","Poisoned Stab","PiercingWail","Dagger Spray+1","Backflip","Backstab"],"special_seed":0,"potion_use_per_floor":[[],[],[],[],[],[],[],["FearPotion"],[],[],[],[],[],["Poison Potion"],[],["CunningPotion"]],"relics":["Ring of the Snake","TungstenRod","Singing Bowl","Centennial Puzzle","Boot"],"potions_floor_usage":[14,16],"damage_taken":[{"damage":6.0,"enemies":"Cultist","floor":1.0,"turns":5.0},{"damage":0.0,"enemies":"Small Slimes","floor":2.0,"turns":3.0},{"damage":1.0,"enemies":"2 Louse","floor":3.0,"turns":3.0},{"damage":2.0,"enemies":"Looter","floor":4.0,"turns":3.0},{"damage":0.0,"enemies":"2 Fungi Beasts","floor":7.0,"turns":3.0},{"damage":20.0,"enemies":"Lagavulin","floor":8.0,"turns":5.0},{"damage":7.0,"enemies":"Lots of Slimes","floor":10.0,"turns":5.0},{"damage":0,"enemies":"Blue Slaver","floor":11,"turns":3},{"damage":9,"enemies":"3 Sentries","floor":14,"turns":5},{"damage":39,"enemies":"Slime Boss","floor":16,"turns":6}],"seed_played":"5353407800942722980","neow_bonus_log":{"cardsObtained":[],"cardsUpgraded":[],"cardsRemoved":[],"cardsTransformed":[],"relicsObtained":["TungstenRod"],"maxHpGained":0,"goldGained":0,"damageTaken":0,"goldLost":99,"maxHpLost":0},"potions_obtained":[{"floor":1.0,"key":"CunningPotion"},{"floor":7.0,"key":"FearPotion"},{"floor":8.0,"key":"Poison Potion"}],"is_trial":false,"path_per_floor":["M","M","M","M","?","R","M","E","T","M","M","R","$","E","R","B"],"character_chosen":"THE_SILENT","basemod:card_modifiers":[null,null,null,null,null,null,null,null,null,null,null,null,null,null,null,null,null,null,null,null],"items_purchased":[],"campfire_rested":1,"item_purchase_floors":[],"current_hp_per_floor":[53,53,52,50,50,50,50,32,32,25,25,25,25,16,36,0],"gold":133,"neow_bonus":"ONE_RARE_RELIC","is_prod":false,"is_daily":false,"rewards_skipped":[{"floor":11,"relics":[],"potions":["GamblersBrew"]}],"chose_seed":false,"campfire_upgraded":2,"win_rate":0,"floor_exit_playtime":[237,283,327,432,451,458,519,591,594,711,753,784,839,990,997],"timestamp":1703455127,"path_taken":["M","M","M","M","?","R","?","E","T","M","M","R","?","E","R","BOSS"],"build_version":"2022-12-01","purchased_purges":1,"victory":false,"max_hp_per_floor":[66,66,66,66,66,66,66,68,68,68,68,68,68,68,68,68],"relic_stats":{"Centennial Puzzle":[9],"Singing Bowl":2,"counters":[10,41],"Boot":[4],"obtain_stats":[{"Centennial Puzzle":9,"Singing Bowl":8,"Boot":14,"TungstenRod":0,"Ring of the Snake":0},{"Centennial Puzzle":6,"Singing Bowl":6,"Boot":9,"TungstenRod":0,"Ring of the Snake":0},{"Centennial Puzzle":22,"Singing Bowl":22,"Boot":35,"TungstenRod":0,"Ring of the Snake":0}],"TungstenRod":17,"Ring of the Snake":[20]},"card_choices":[{"not_picked":["Reflex","Concentrate"],"picked":"Dagger Throw","floor":1.0},{"not_picked":["Cloak And Dagger","Underhanded Strike"],"picked":"Sucker Punch","floor":2.0},{"not_picked":["Sucker Punch","Caltrops"],"picked":"Skewer","floor":3.0},{"not_picked":["Infinite Blades","Prepared"],"picked":"Poisoned Stab","floor":4.0},{"not_picked":["Catalyst","Quick Slash"],"picked":"PiercingWail","floor":7.0},{"not_picked":["Poisoned Stab","Prepared","Backflip"],"picked":"Singing Bowl","floor":8.0},{"not_picked":["Heel Hook","Burst"],"picked":"Dagger Spray","floor":10.0},{"not_picked":["Setup","Outmaneuver"],"picked":"Backflip","floor":11},{"not_picked":["Flying Knee","Setup"],"picked":"Backstab","floor":14}],"player_experience":67071,"relics_obtained":[{"floor":8.0,"key":"Singing Bowl"},{"floor":9.0,"key":"Centennial Puzzle"},{"floor":14,"key":"Boot"}],"event_choices":[{"damage_healed":0.0,"max_hp_gain":0.0,"max_hp_loss":0.0,"gold_gain":0.0,"event_name":"Liars Game","player_choice":"Ignored","floor":5.0,"gold_loss":0.0,"damage_taken":0.0}],"is_beta":false,"boss_relics":[],"items_purged_floors":[13],"is_endless":false,"potions_floor_spawned":[1,7,8,11],"killed_by":"Slime Boss","ascension_level":20,"potion_discard_per_floor":[[],[],[],[],[],[],[],[],[],[],[],[],[],[],[],[]]}