{"neow_bonuses_skipped_log":["TEN_PERCENT_HP_BONUS","ONE_RARE_RELIC","BOSS_RELIC"],"potions_obtained_entropic_brew":[[],[],[],[],[],[],[],[],[],[],[],[],[],[],[],[],[],[],[],[],[],[],[],[],[],[],[],[],[],[],[]],"neow_costs_skipped_log":["NONE","CURSE","NONE"],"gold_per_floor":[109,128,128,144,7,47,47,90,90,116,116,116,116,141,141,241,241,256,280,280,307,328,328,357,357,389,432,466,466,519,519],"floor_reached":31,"playtime":1823,"items_purged":[],"score":670,"play_id":"a77b3599-b8d1-4207-8cf6-cb5e9cbebb9b","local_time":"20231221003512","score_breakdown":["Floors Climbed (31): 155","Enemies Slain (10): 20","Exordium Elites Killed (2): 20","City Elites Killed (2): 40","Bosses Slain (1): 50","Champion (1): 25","Overkill: 25","Ascension (20): 335"],"is_ascension_mode":true,"potions_obtained_alchemize":[[],[],[],[],[],[],[],[],[],[],[],[],[],[],[],[],[],[],[],[],[],[],[],[],[],[],[],[],[],[],[]],"campfire_choices":[{"data":"Poisoned Stab","floor":7,"key":"SMITH"},{"data":"Predator","floor":11,"key":"SMITH"},{"data":"Backstab","floor":13,"key":"SMITH"},{"data":"Neutralize","floor":15,"key":"SMITH"},{"data":"Ghostly","floor":23,"key":"SMITH"},{"data":"Ghostly","floor":25,"key":"SMITH"},{"floor":29,"key":"REST"}],"lesson_learned_per_floor":[[],[],[],[],[],[],[],[],[],[],[],[],[],[],[],[],[],[],[],[],[],[],[],[],[],[],[],[],[],[],[]],"neow_cost":"NONE","improvable_cards":{},"seed_source_timestamp":560925434675792,"shop_contents":[{"floor":5,"relics":["Blood Vial","Blue Candle","Medical Kit"],"cards":["Flying Knee","Glass Knife","PiercingWail","Bullet Time","Deep Breath","Master of Strategy"],"potions":["SpeedPotion","LiquidBronze"]}],"circlet_count":0,"master_deck":["AscendersBane","Strike_G","Strike_G+1","Strike_G","Strike_G","Strike_G","Defend_G","Defend_G","Defend_G","Defend_G","Defend_G","Survivor","Neutralize+1","Dash","Slice+1","Noxious Fumes+1","Poisoned Stab+1","Backstab+1","Predator+1","Dagger Spray","Corpse Explosion","Ghostly+1","Ghostly+1","Ghostly","PiercingWail","Pain","Backflip","Calculated Gamble"],"potion_use_per_floor":[[],[],[],[],[],["Explosive Potion"],[],["Poison Potion","Fire Potion"],[],[],[],[],[],[],[],["Explosive Potion"],[],["SkillPotion"],[],[],[],[],[],[],[],[],["PowerPotion"],[],[],[],[]],"relics":["Ring of the Snake","Frozen Egg 2","CeramicFish","Bag of Marbles","Whetstone","Golden Idol","Cursed Key","Potion Belt","Letter Opener","Pantograph"],"potions_floor_usage":[6,8,8,16,18,27],"damage_taken":[{"damage":7,"enemies":"Jaw Worm","floor":1,"turns":8},{"damage":0,"enemies":"Small Slimes","floor":2,"turns":5},{"damage":1,"enemies":"Cultist","floor":4,"turns":4},{"damage":15,"enemies":"3 Sentries","floor":6,"turns":8},{"damage":0,"enemies":"Gremlin Nob","floor":8,"turns":3},{"damage":0,"enemies":"Blue Slaver","floor":10,"turns":1},{"damage":0,"enemies":"Looter","floor":14,"turns":1},{"damage":19,"enemies":"Slime Boss","floor":16,"turns":7},{"damage":10,"enemies":"Shell Parasite","floor":18,"turns":5},{"damage":9,"enemies":"Spheric Guardian","floor":19,"turns":4},{"damage":5,"enemies":"Snecko","floor":22,"turns":4},{"damage":3,"enemies":"Chosen and Byrds","floor":24,"turns":4},{"damage":15,"enemies":"Gremlin Leader","floor":27,"turns":7},{"damage":3,"enemies":"Snake Plant","floor":28,"turns":3},{"damage":7,"enemies":"Slavers","floor":30,"turns":4},{"damage":6,"enemies":"Centurion and Healer","floor":31,"turns":4}],"seed_played":"-597379095782272811","neow_bonus_log":{"cardsObtained":["Malaise"],"cardsUpgraded":[],"cardsRemoved":[],"cardsTransformed":[],"relicsObtained":[],"maxHpGained":0,"goldGained":0,"damageTaken":0,"goldLost":0,"maxHpLost":0},"potions_obtained":[{"floor":2,"key":"Explosive Potion"},{"floor":6,"key":"Poison Potion"},{"floor":8,"key":"SkillPotion"},{"floor":14,"key":"Explosive Potion"},{"floor":19,"key":"ColorlessPotion"},{"floor":20,"key":"PowerPotion"}],"is_trial":false,"path_per_floor":["M","M","?","M","$","E","R","E","T","M","R","?","R","M","R","B",null,"M","M","?","?","M","R","M","R","T","E","M","R","E","M"],"character_chosen":"THE_SILENT","basemod:card_modifiers":[null,null,null,null,null,null,null,null,null,null,null,null,null,null,null,null,null,null,null,null,null,null,null,null,null,null,null,null],"items_purchased":["Noxious Fumes+1","Fire Potion"],"campfire_rested":1,"item_purchase_floors":[5,5],"current_hp_per_floor":[52,52,52,51,51,36,36,36,36,36,36,36,36,36,36,17,49,39,30,30,30,25,25,22,22,22,7,4,13,6,0],"gold":519,"neow_bonus":"ONE_RANDOM_RARE_CARD","is_prod":false,"is_daily":false,"rewards_skipped":[{"floor":20,"relics":[],"potions":["SkillPotion"]},{"floor":22,"relics":[],"potions":["Poison Potion"]}],"chose_seed":false,"campfire_upgraded":6,"win_rate":0,"floor_exit_playtime":[168,233,260,308,385,553,591,727,732,763,777,784,792,815,830,1030,1105,1204,1290,1301,1311,1371,1381,1439,1447,1460,1581,1645,1650,1751],"timestamp":1703136912,"path_taken":["M","M","?","M","$","E","R","E","T","M","R","?","R","M","R","BOSS","M","M","?","?","M","R","?","R","T","E","M","R","E","M"],"build_version":"2022-12-01","purchased_purges":0,"victory":false,"max_hp_per_floor":[66,66,66,66,66,66,66,66,66,66,66,60,60,60,60,60,60,60,60,60,30,30,30,30,30,30,30,30,30,30,30],"relic_stats":{"counters":[16,72],"Golden Idol":60,"CeramicFish":108,"Pantograph":0,"Whetstone":["Slice","Strike_G"],"Letter Opener":[17],"Cursed Key":1,"obtain_stats":[{"Potion Belt":26,"Golden Idol":12,"CeramicFish":6,"Pantograph":30,"Bag of Marbles":8,"Whetstone":9,"Letter Opener":27,"Frozen Egg 2":3,"Cursed Key":17,"Ring of the Snake":0},{"Potion Belt":12,"Golden Idol":6,"CeramicFish":4,"Pantograph":15,"Bag of Marbles":5,"Whetstone":5,"Letter Opener":13,"Frozen Egg 2":2,"Cursed Key":8,"Ring of the Snake":0},{"Potion Belt":54,"Golden Idol":29,"CeramicFish":25,"Pantograph":68,"Bag of Marbles":28,"Whetstone":28,"Letter Opener":61,"Frozen Egg 2":13,"Cursed Key":37,"Ring of the Snake":0}],"Ring of the Snake":[32]},"card_choices":[{"not_picked":["Cloak And Dagger","Setup","Tactician"],"picked":"SKIP","floor":1},{"not_picked":["Flying Knee","Blur"],"picked":"Dash","floor":2},{"not_picked":["Prepared","Outmaneuver"],"picked":"Slice","floor":4},{"not_picked":["Grand Finale","Infinite Blades+1"],"picked":"Poisoned Stab","floor":6},{"not_picked":["Expertise","Crippling Poison"],"picked":"Backstab","floor":8},{"not_picked":["Deadly Poison","Poisoned Stab"],"picked":"Predator","floor":10},{"not_picked":["Prepared","Tactician"],"picked":"Dagger Spray","floor":14},{"not_picked":["Phantasmal Killer","Grand Finale"],"picked":"Corpse Explosion","floor":16},{"not_picked":["Slice+1","Prepared","Sucker Punch"],"picked":"SKIP","floor":18},{"not_picked":["Noxious Fumes+1","Setup","Slice"],"picked":"SKIP","floor":19},{"not_picked":["Quick Slash","Sucker Punch","Prepared"],"picked":"SKIP","floor":22},{"not_picked":["Outmaneuver","Poisoned Stab"],"picked":"PiercingWail","floor":24},{"not_picked":["Heel Hook","Distraction","Outmaneuver+1"],"picked":"SKIP","floor":27},{"not_picked":["Eviscerate","Blade Dance"],"picked":"Backflip","floor":28},{"not_picked":["Storm of Steel","Reflex"],"picked":"Calculated Gamble","floor":30}],"player_experience":44055,"relics_obtained":[{"floor":6,"key":"CeramicFish"},{"floor":8,"key":"Bag of Marbles"},{"floor":9,"key":"Whetstone"},{"floor":26,"key":"Potion Belt"},{"floor":27,"key":"Letter Opener"},{"floor":30,"key":"Pantograph"}],"event_choices":[{"cards_removed":["Malaise"],"damage_healed":0,"gold_gain":0,"player_choice":"Gave Card","damage_taken":0,"relics_obtained":["Frozen Egg 2"],"max_hp_gain":0,"max_hp_loss":0,"event_name":"WeMeetAgain","floor":3,"gold_loss":0},{"damage_healed":0,"gold_gain":0,"player_choice":"Lose Max HP","damage_taken":0,"relics_obtained":["Golden Idol"],"max_hp_gain":0,"max_hp_loss":6,"event_name":"Golden Idol","floor":12,"gold_loss":0},{"damage_healed":0,"gold_gain":0,"player_choice":"Got Potions","damage_taken":0,"max_hp_gain":0,"max_hp_loss":0,"event_name":"Lab","floor":20,"gold_loss":0},{"damage_healed":0,"gold_gain":0,"player_choice":"Became a Ghost","damage_taken":0,"max_hp_gain":0,"max_hp_loss":30,"event_name":"Ghosts","floor":21,"gold_loss":0,"cards_obtained":["Ghostly","Ghostly","Ghostly"]}],"is_beta":false,"boss_relics":[{"not_picked":["Snecko Eye","Pandora\u0027s Box"],"picked":"Cursed Key"}],"items_purged_floors":[],"is_endless":false,"potions_floor_spawned":[2,6,8,14,19,22],"killed_by":"Centurion and Healer","ascension_level":20,"potion_discard_per_floor":[[],[],[],[],[],[],[],[],[],[],[],[],[],[],[],[],[],[],[],[],[],[],[],[],[],[],[],[],[],[],[]]}