{"neow_bonuses_skipped_log":["RANDOM_COLORLESS","THREE_ENEMY_KILL","BOSS_RELIC"],"neow_costs_skipped_log":["NONE","NONE","NONE"],"potions_obtained_entropic_brew":[[],[],[],[],[],[],[],[],[],[],[],[],[],[],[],[],[],[],[],[],[],[],[],[],[],[],[],[],[],[],[],[],[]],"gold_per_floor":[369,389,402,89,104,104,133,151,204,216,242,273,285,329,341,426,438,469,497,509,1,21,56,56,56,56,90,105,105,123,141,141,141],"floor_reached":33,"playtime":2809,"items_purged":["Defend_G","Strike_G"],"score":602,"play_id":"ebe89bd8-8478-48ec-b715-ad21e796af4e","local_time":"20231223205311","score_breakdown":["Floors Climbed (33): 165","Enemies Slain (13): 26","Exordium Elites Killed (2): 20","City Elites Killed (2): 40","Bosses Slain (1): 50","Ascension (20): 301"],"is_ascension_mode":true,"potions_obtained_alchemize":[[],[],[],[],[],[],[],[],[],[],[],[],[],[],[],[],[],[],[],[],[],[],[],[],[],[],[],[],[],[],[],[],[]],"campfire_choices":[{"data":"Blade Dance","floor":6.0,"key":"SMITH"},{"data":"Eviscerate","floor":10.0,"key":"SMITH"},{"data":"Catalyst","floor":13.0,"key":"SMITH"},{"data":"Prepared","floor":15.0,"key":"SMITH"},{"floor":24,"key":"REST"},{"data":"Concentrate","floor":29,"key":"SMITH"},{"data":"Footwork","floor":32,"key":"SMITH"}],"lesson_learned_per_floor":[[],[],[],[],[],[],[],[],[],[],[],[],[],[],[],[],[],[],[],[],[],[],[],[],[],[],[],[],[],[],[],[],[]],"neow_cost":"TEN_PERCENT_HP_LOSS","improvable_cards":{},"seed_source_timestamp":544597121125,"shop_contents":[{"floor":4,"relics":["HornCleat","Lee\u0027s Waffle"],"cards":["Underhanded Strike","Cloak And Dagger","Malaise","Footwork","Finesse","Transmutation"],"potions":["ColorlessPotion","Regen Potion","SpeedPotion"]},{"floor":21,"relics":["Bottled Flame","Oddly Smooth Stone"],"cards":["Underhanded Strike","Finisher","Dark Shackles","Violence"],"potions":["Poison Potion","Poison Potion"]}],"circlet_count":0,"master_deck":["AscendersBane","Strike_G","Strike_G","Strike_G","Strike_G","Defend_G","Defend_G","Defend_G","Defend_G","Survivor","Neutralize","Poisoned Stab","Blade Dance+1","Eviscerate+1","Infinite Blades","Deadly Poison","Prepared+1","Catalyst+1","Leg Sweep","Adrenaline","Accuracy","Acrobatics","Footwork+1","Concentrate+1","Acrobatics","A Thousand Cuts","Finisher+1","Blade Dance"],"special_seed":0,"potion_use_per_floor":[[],[],[],[],[],[],["FearPotion"],[],[],[],["Regen Potion"],[],[],[],[],[],[],[],["CunningPotion"],[],[],["Regen Potion"],["Explosive Potion"],[],[],[],[],[],[],["LiquidMemories"],[],[],["DistilledChaos","Strength Potion"]],"relics":["Ring of the Snake","Vajra","Pantograph","MawBank","Pen Nib","Runic Dome","TheAbacus","Juzu Bracelet","Centennial Puzzle"],"potions_floor_usage":[19,22,23,30,33,33],"damage_taken":[{"damage":3.0,"enemies":"Jaw Worm","floor":1.0,"turns":5.0},{"damage":0.0,"enemies":"Small Slimes","floor":2.0,"turns":3.0},{"damage":4.0,"enemies":"Cultist","floor":3.0,"turns":5.0},{"damage":6.0,"enemies":"Red Slaver","floor":5.0,"turns":2.0},{"damage":3.0,"enemies":"Gremlin Nob","floor":7.0,"turns":3.0},{"damage":5.0,"enemies":"Blue Slaver","floor":8.0,"turns":2.0},{"damage":16.0,"enemies":"Exordium Thugs","floor":11.0,"turns":5.0},{"damage":0.0,"enemies":"3 Louse","floor":12.0,"turns":3.0},{"damage":26.0,"enemies":"Lagavulin","floor":14.0,"turns":7.0},{"damage":9.0,"enemies":"Hexaghost","floor":16.0,"turns":7.0},{"damage":0,"enemies":"Shell Parasite","floor":18,"turns":1},{"damage":3,"enemies":"2 Thieves","floor":19,"turns":3},{"damage":18,"enemies":"Centurion and Healer","floor":22,"turns":5},{"damage":19,"enemies":"Book of Stabbing","floor":23,"turns":5},{"damage":16,"enemies":"Gremlin Leader","floor":27,"turns":5},{"damage":0,"enemies":"Snecko","floor":28,"turns":1},{"damage":11,"enemies":"Snake Plant","floor":30,"turns":4},{"damage":6,"enemies":"3 Cultists","floor":31,"turns":4},{"damage":39,"enemies":"Champ","floor":33,"turns":9}],"seed_played":"-6399682941525702739","neow_bonus_log":{"cardsObtained":[],"cardsUpgraded":[],"cardsRemoved":[],"cardsTransformed":[],"relicsObtained":[],"maxHpGained":0,"goldGained":250,"damageTaken":0,"goldLost":0,"maxHpLost":6},"potions_obtained":[{"floor":2.0,"key":"Regen Potion"},{"floor":5.0,"key":"FearPotion"},{"floor":11.0,"key":"CunningPotion"},{"floor":14.0,"key":"Explosive Potion"},{"floor":23,"key":"LiquidMemories"},{"floor":27,"key":"Weak Potion"},{"floor":28,"key":"Strength Potion"},{"floor":31,"key":"DistilledChaos"}],"is_trial":false,"path_per_floor":["M","M","M","$","M","R","E","M","T","R","M","M","R","E","R","B",null,"M","M","?","$","M","E","R","?","T","E","M","R","M","M","R","B"],"character_chosen":"THE_SILENT","basemod:card_modifiers":[null,null,null,null,null,null,null,null,null,null,null,null,null,null,null,null,null,null,null,null,null,null,null,null,null,null,null,null],"items_purchased":["Eviscerate","Vajra","Regen Potion","Footwork","Concentrate","Acrobatics","TheAbacus"],"campfire_rested":1,"item_purchase_floors":[4,4,21,21,21,21,21],"current_hp_per_floor":[56,56,52,52,46,46,43,38,38,38,37,37,37,11,11,27,52,52,49,33,33,30,11,30,43,43,27,27,27,16,10,10,0],"gold":141,"neow_bonus":"TWO_FIFTY_GOLD","is_prod":false,"is_daily":false,"rewards_skipped":[],"chose_seed":false,"campfire_upgraded":6,"win_rate":0,"floor_exit_playtime":[87,161,206,270,311,338,382,405,409,418,519,585,596,769,778,975,1074,1128,1223,1233,1297,1480,1613,1618,1627,1631,1792,1929,1950,2276,2477,2502],"timestamp":1703382791,"blue_key_relic_skipped_log":{"floor":26,"relicID":"Blood Vial"},"path_taken":["M","M","M","$","M","R","E","M","T","R","M","M","R","E","R","BOSS","M","?","?","$","M","E","R","?","T","E","M","R","M","M","R","BOSS"],"build_version":"2022-12-01","purchased_purges":2,"victory":false,"max_hp_per_floor":[60,60,60,60,60,60,60,60,60,60,60,60,60,60,60,60,60,60,60,65,65,65,65,65,65,65,65,65,65,65,65,65,65],"relic_stats":{"Centennial Puzzle":[9],"TheAbacus":[42],"counters":[19,79],"Pantograph":50,"Pen Nib":[14],"Juzu Bracelet":0,"MawBank":144,"obtain_stats":[{"Runic Dome":17,"Centennial Puzzle":27,"TheAbacus":21,"Pantograph":7,"Vajra":4,"Pen Nib":14,"Juzu Bracelet":23,"MawBank":9,"Ring of the Snake":0},{"Runic Dome":10,"Centennial Puzzle":15,"TheAbacus":12,"Pantograph":5,"Vajra":3,"Pen Nib":9,"Juzu Bracelet":14,"MawBank":6,"Ring of the Snake":0},{"Runic Dome":42,"Centennial Puzzle":61,"TheAbacus":46,"Pantograph":18,"Vajra":13,"Pen Nib":35,"Juzu Bracelet":56,"MawBank":20,"Ring of the Snake":0}],"Ring of the Snake":[38]},"card_choices":[{"not_picked":["Dash","Flechettes"],"picked":"Poisoned Stab","floor":1.0},{"not_picked":["Dodge and Roll","Accuracy","Poisoned Stab"],"picked":"SKIP","floor":2.0},{"not_picked":["Outmaneuver","Finisher"],"picked":"Blade Dance","floor":3.0},{"not_picked":["Endless Agony","Leg Sweep"],"picked":"Infinite Blades","floor":5.0},{"not_picked":["Poisoned Stab","Backflip"],"picked":"Deadly Poison","floor":7.0},{"not_picked":["Quick Slash","Sucker Punch"],"picked":"Prepared","floor":8.0},{"not_picked":["Backstab","Doppelganger"],"picked":"Catalyst","floor":11.0},{"not_picked":["Dodge and Roll","Tactician"],"picked":"Leg Sweep","floor":12.0},{"not_picked":["Skewer","Dagger Spray","Reflex"],"picked":"SKIP","floor":14.0},{"not_picked":["Venomology","Phantasmal Killer"],"picked":"Adrenaline","floor":16.0},{"not_picked":["Underhanded Strike","Prepared+1"],"picked":"Accuracy","floor":18},{"not_picked":["Riddle With Holes+1","Caltrops"],"picked":"Acrobatics","floor":19},{"not_picked":["Envenom","Finisher","Blade Dance"],"picked":"SKIP","floor":22},{"not_picked":["Quick Slash","Dash"],"picked":"A Thousand Cuts","floor":23},{"not_picked":["Bane+1","Cloak And Dagger"],"picked":"Finisher+1","floor":27},{"not_picked":["Dash","Slice","Noxious Fumes"],"picked":"SKIP","floor":28},{"not_picked":["Poisoned Stab","Bouncing Flask"],"picked":"Blade Dance","floor":30},{"not_picked":["Quick Slash","Noxious Fumes","Leg Sweep"],"picked":"SKIP","floor":31}],"player_experience":64262,"relics_obtained":[{"floor":7.0,"key":"Pantograph"},{"floor":9.0,"key":"MawBank"},{"floor":14.0,"key":"Pen Nib"},{"floor":23,"key":"Juzu Bracelet"},{"floor":27,"key":"Centennial Puzzle"}],"event_choices":[{"damage_healed":0,"gold_gain":0,"player_choice":"Shed Blood","damage_taken":21,"max_hp_gain":5,"max_hp_loss":0,"event_name":"Forgotten Altar","floor":20,"gold_loss":0},{"damage_healed":13,"gold_gain":0,"player_choice":"Heal","damage_taken":0,"max_hp_gain":0,"max_hp_loss":0,"event_name":"The Library","floor":25,"gold_loss":0}],"is_beta":false,"boss_relics":[{"not_picked":["Velvet Choker","Sozu"],"picked":"Runic Dome"}],"items_purged_floors":[4,21],"is_endless":false,"potions_floor_spawned":[2,5,11,14,23,27,28,31],"killed_by":"Champ","ascension_level":20,"potion_discard_per_floor":[[],[],[],[],[],[],[],[],[],[],[],[],[],[],[],[],[],[],[],[],[],[],[],[],[],[],[],["Weak Potion"],[],[],[],[],[]]}