{"neow_bonuses_skipped_log":["TRANSFORM_CARD","TEN_PERCENT_HP_BONUS","BOSS_RELIC"],"neow_costs_skipped_log":["NONE","NONE","NONE"],"potions_obtained_entropic_brew":[[],[],[],[],[],[],[],[],[],[],[],[],[],[],[],[],[],[],[],[],[],[],[],[],[],[],[]],"gold_per_floor":[15,30,30,30,45,75,75,75,124,124,157,157,190,5,5,98,98,116,116,116,139,152,152,195,211,260,260],"floor_reached":27,"playtime":1922,"items_purged":[],"score":523,"play_id":"d22efe38-0d3d-45ba-85c0-4bb8616b7695","local_time":"20240106211230","score_breakdown":["Floors Climbed (27): 135","Enemies Slain (7): 14","Exordium Elites Killed (3): 30","City Elites Killed (1): 20","Bosses Slain (1): 50","Collector (1): 25","Ascension (20): 249"],"is_ascension_mode":true,"potions_obtained_alchemize":[[],[],[],[],[],[],[],[],[],[],[],[],[],[],[],[],[],[],[],[],[],[],[],[],[],[],[]],"campfire_choices":[{"data":"Blade Dance","floor":7,"key":"SMITH"},{"data":"Infinite Blades","floor":10,"key":"SMITH"},{"floor":12,"key":"REST"},{"data":"Apotheosis","floor":15,"key":"SMITH"},{"data":"1","floor":23,"key":"LIFT"}],"lesson_learned_per_floor":[[],[],[],[],[],[],[],[],[],[],[],[],[],[],[],[],[],[],[],[],[],[],[],[],[],[],[]],"neow_cost":"NO_GOLD","improvable_cards":{},"seed_source_timestamp":400823115288625,"shop_contents":[{"floor":14,"relics":["Centennial Puzzle","Potion Belt","Cauldron"],"cards":["Grand Finale","Slice","Cloak And Dagger","Setup","A Thousand Cuts","Flash of Steel"],"potions":["DistilledChaos","AttackPotion","FairyPotion"]}],"circlet_count":0,"master_deck":["AscendersBane","Defend_G","Defend_G","Defend_G","Defend_G","Survivor","Neutralize","Dagger Spray","Blade Dance+1","Infinite Blades+1","PiercingWail","Cloak And Dagger","Apotheosis+1","Tools of the Trade","Bite","Bite","Bite","Bite","Bite","Accuracy","Calculated Gamble","Terror"],"potion_use_per_floor":[[],[],[],[],[],["AttackPotion","Block Potion"],[],[],[],[],[],[],[],[],[],[],[],["ColorlessPotion"],[],[],[],[],[],["SteroidPotion","AttackPotion"],["Ancient Potion"],[],[]],"relics":["Ring of the Snake","Shuriken","Golden Idol","Regal Pillow","Girya","Sundial","Black Star","Strawberry","Blue Candle","Happy Flower"],"potions_floor_usage":[6,6,18,24,24,25],"damage_taken":[{"damage":2,"enemies":"2 Louse","floor":1,"turns":3},{"damage":0,"enemies":"Small Slimes","floor":2,"turns":3},{"damage":9,"enemies":"Jaw Worm","floor":5,"turns":5},{"damage":3,"enemies":"Lagavulin","floor":6,"turns":6},{"damage":32,"enemies":"Gremlin Nob","floor":11,"turns":4},{"damage":15,"enemies":"3 Sentries","floor":13,"turns":5},{"damage":15,"enemies":"Hexaghost","floor":16,"turns":8},{"damage":10,"enemies":"Spheric Guardian","floor":18,"turns":4},{"damage":15,"enemies":"Chosen","floor":21,"turns":5},{"damage":13,"enemies":"Centurion and Healer","floor":22,"turns":10},{"damage":42,"enemies":"Book of Stabbing","floor":24,"turns":5},{"damage":15,"enemies":"Snecko","floor":25,"turns":6},{"damage":39,"enemies":"Colosseum Slavers","floor":27,"turns":3}],"seed_played":"6477121551200292698","neow_bonus_log":{"cardsObtained":[],"cardsUpgraded":[],"cardsRemoved":[],"cardsTransformed":[],"relicsObtained":[],"maxHpGained":12,"goldGained":0,"damageTaken":0,"goldLost":99,"maxHpLost":0},"potions_obtained":[{"floor":2,"key":"AttackPotion"},{"floor":5,"key":"Block Potion"},{"floor":11,"key":"ColorlessPotion"},{"floor":19,"key":"SmokeBomb"},{"floor":19,"key":"AttackPotion"},{"floor":22,"key":"SteroidPotion"},{"floor":24,"key":"Ancient Potion"},{"floor":25,"key":"BlessingOfTheForge"}],"is_trial":false,"path_per_floor":["M","M","?","?","M","E","R","?","T","R","E","R","E","$","R","B",null,"M","?","?","M","M","R","E","M","T","?"],"character_chosen":"THE_SILENT","basemod:card_modifiers":[null,null,null,null,null,null,null,null,null,null,null,null,null,null,null,null,null,null,null,null,null,null],"items_purchased":["Apotheosis"],"campfire_rested":1,"item_purchase_floors":[14],"current_hp_per_floor":[69,69,62,62,53,50,50,50,50,50,18,54,39,39,39,24,59,49,49,49,43,49,49,23,29,29,0],"gold":260,"neow_bonus":"TWENTY_PERCENT_HP_BONUS","is_prod":false,"is_daily":false,"rewards_skipped":[],"chose_seed":false,"campfire_upgraded":3,"win_rate":0,"floor_exit_playtime":[111,142,156,161,223,322,336,348,394,428,519,541,844,904,916,1007,1114,1228,1233,1250,1371,1562,1578,1697,1802,1806],"timestamp":1704593550,"path_taken":["M","M","?","?","M","E","R","?","T","R","E","R","E","$","R","BOSS","M","?","?","M","M","R","E","M","T","?"],"build_version":"2022-12-01","purchased_purges":0,"victory":false,"max_hp_per_floor":[78,78,78,78,78,78,78,71,71,71,71,71,71,71,71,71,71,71,71,49,49,49,49,56,56,56,56],"relic_stats":{"Girya":1,"Regal Pillow":15,"Happy Flower":[1],"counters":[13,67],"Shuriken":[32],"Golden Idol":57,"Sundial":[6],"Blue Candle":[0],"Black Star":1,"obtain_stats":[{"Girya":11,"Regal Pillow":9,"Happy Flower":26,"Shuriken":6,"Golden Idol":8,"Sundial":13,"Strawberry":24,"Blue Candle":24,"Black Star":17,"Ring of the Snake":0},{"Girya":5,"Regal Pillow":4,"Happy Flower":12,"Shuriken":4,"Golden Idol":4,"Sundial":6,"Strawberry":11,"Blue Candle":11,"Black Star":7,"Ring of the Snake":0},{"Girya":21,"Regal Pillow":17,"Happy Flower":64,"Shuriken":17,"Golden Idol":17,"Sundial":26,"Strawberry":58,"Blue Candle":58,"Black Star":34,"Ring of the Snake":0}],"Ring of the Snake":[26]},"card_choices":[{"not_picked":["Expertise","Flying Knee"],"picked":"Dagger Spray","floor":1},{"not_picked":["Leg Sweep","Flechettes"],"picked":"Blade Dance","floor":2},{"not_picked":["Deflect","Dodge and Roll"],"picked":"Infinite Blades","floor":5},{"not_picked":["Dagger Spray","Prepared"],"picked":"PiercingWail","floor":6},{"not_picked":["Underhanded Strike","Quick Slash"],"picked":"Cloak And Dagger","floor":11},{"not_picked":["Dodge and Roll","Catalyst","Slice"],"picked":"SKIP","floor":13},{"not_picked":["Dodge and Roll","Catalyst","Slice"],"picked":"SKIP","floor":13},{"not_picked":["Grand Finale","Glass Knife"],"picked":"Tools of the Trade","floor":16},{"not_picked":["Distraction","Underhanded Strike","Flying Knee"],"picked":"SKIP","floor":18},{"not_picked":["Distraction","Underhanded Strike","Flying Knee"],"picked":"SKIP","floor":18},{"not_picked":["Poisoned Stab","Deadly Poison"],"picked":"Accuracy","floor":21},{"not_picked":["Setup+1","Bane"],"picked":"Calculated Gamble","floor":22},{"not_picked":["Slice","Backstab"],"picked":"Terror","floor":24},{"not_picked":["Dash","Sucker Punch","Caltrops"],"picked":"SKIP","floor":25}],"player_experience":104717,"relics_obtained":[{"floor":6,"key":"Shuriken"},{"floor":9,"key":"Regal Pillow"},{"floor":11,"key":"Girya"},{"floor":13,"key":"Sundial"},{"floor":24,"key":"Strawberry"},{"floor":24,"key":"Blue Candle"},{"floor":26,"key":"Happy Flower"}],"event_choices":[{"cards_removed":["Defend_G"],"damage_healed":0,"gold_gain":0,"player_choice":"Card Removal","damage_taken":7,"max_hp_gain":0,"max_hp_loss":0,"event_name":"Golden Wing","floor":3,"gold_loss":0},{"damage_healed":0,"gold_gain":0,"player_choice":"Ignored","damage_taken":0,"max_hp_gain":0,"max_hp_loss":0,"event_name":"Liars Game","floor":4,"gold_loss":0},{"damage_healed":0,"gold_gain":0,"player_choice":"Lose Max HP","damage_taken":0,"relics_obtained":["Golden Idol"],"max_hp_gain":0,"max_hp_loss":7,"event_name":"Golden Idol","floor":8,"gold_loss":0},{"damage_healed":0,"gold_gain":0,"player_choice":"Got Potions","damage_taken":0,"max_hp_gain":0,"max_hp_loss":0,"event_name":"Lab","floor":19,"gold_loss":0},{"damage_healed":0,"gold_gain":0,"player_choice":"Became a vampire","damage_taken":0,"max_hp_gain":0,"max_hp_loss":22,"event_name":"Vampires","floor":20,"gold_loss":0,"cards_obtained":["Bite","Bite","Bite","Bite","Bite"]},{"damage_healed":0,"gold_gain":0,"player_choice":"Fight","damage_taken":0,"max_hp_gain":0,"max_hp_loss":0,"event_name":"Colosseum","floor":27,"gold_loss":0}],"is_beta":false,"boss_relics":[{"not_picked":["Sozu","Velvet Choker"],"picked":"Black Star"}],"items_purged_floors":[],"is_endless":false,"potions_floor_spawned":[2,5,11,22,24,25],"killed_by":"Colosseum Slavers","ascension_level":20,"potion_discard_per_floor":[[],[],[],[],[],[],[],[],[],[],[],[],[],[],[],[],[],[],[],[],[],["SmokeBomb"],[],[],[],[],[]]}