{"neow_bonuses_skipped_log":["UPGRADE_CARD","TEN_PERCENT_HP_BONUS","BOSS_RELIC"],"neow_costs_skipped_log":["NONE","NONE","NONE"],"potions_obtained_entropic_brew":[[],[],[],[],[],[]],"gold_per_floor":[112,130,149,169,184,184],"floor_reached":6,"playtime":465,"items_purged":[],"score":80,"play_id":"ade0e051-1628-49b0-8050-628c7f629798","local_time":"20240104135841","score_breakdown":["Floors Climbed (6): 30","Enemies Slain (5): 10","Exordium Elites Killed (0): 0","Bosses Slain (0): 0","Ascension (20): 40"],"is_ascension_mode":true,"potions_obtained_alchemize":[[],[],[],[],[],[]],"campfire_choices":[],"lesson_learned_per_floor":[[],[],[],[],[],[]],"neow_cost":"PERCENT_DAMAGE","improvable_cards":{},"seed_source_timestamp":298586604387500,"shop_contents":[],"circlet_count":0,"master_deck":["AscendersBane","Strike_G","Strike_G","Strike_G","Strike_G","Strike_G","Defend_G","Defend_G","Defend_G","Defend_G","Defend_G","Survivor","Neutralize","All Out Attack","Noxious Fumes","Calculated Gamble","Sucker Punch","Bane"],"potion_use_per_floor":[[],[],[],[],[],["Weak Potion","Fire Potion"]],"relics":["Ring of the Snake"],"potions_floor_usage":[6,6],"damage_taken":[{"damage":6,"enemies":"Cultist","floor":1,"turns":4},{"damage":0,"enemies":"2 Louse","floor":2,"turns":2},{"damage":5,"enemies":"Jaw Worm","floor":3,"turns":5},{"damage":22,"enemies":"Gremlin Gang","floor":4,"turns":4},{"damage":11,"enemies":"Red Slaver","floor":5,"turns":5},{"damage":25,"enemies":"Lagavulin","floor":6,"turns":6}],"seed_played":"-8993734863083274805","neow_bonus_log":{"cardsObtained":[],"cardsUpgraded":[],"cardsRemoved":[],"cardsTransformed":[],"relicsObtained":[],"maxHpGained":12,"goldGained":0,"damageTaken":15,"goldLost":0,"maxHpLost":0},"potions_obtained":[{"floor":1,"key":"Fire Potion"},{"floor":5,"key":"Weak Potion"}],"is_trial":false,"path_per_floor":["M","M","M","M","M","E"],"character_chosen":"THE_SILENT","basemod:card_modifiers":[null,null,null,null,null,null,null,null,null,null,null,null,null,null,null,null,null,null],"items_purchased":[],"campfire_rested":0,"item_purchase_floors":[],"current_hp_per_floor":[50,50,45,23,12,0],"gold":184,"neow_bonus":"TWENTY_PERCENT_HP_BONUS","is_prod":false,"is_daily":false,"rewards_skipped":[],"chose_seed":false,"campfire_upgraded":0,"win_rate":0,"floor_exit_playtime":[117,165,215,311,395],"timestamp":1704394721,"path_taken":["M","M","M","M","?","E"],"build_version":"2022-12-01","purchased_purges":0,"victory":false,"max_hp_per_floor":[78,78,78,78,78,78],"relic_stats":{"counters":[6,26],"obtain_stats":[{"Ring of the Snake":0},{"Ring of the Snake":0},{"Ring of the Snake":0}],"Ring of the Snake":[12]},"card_choices":[{"not_picked":["Underhanded Strike","Acrobatics"],"picked":"All Out Attack","floor":1},{"not_picked":["Dagger Spray","Backflip"],"picked":"Noxious Fumes","floor":2},{"not_picked":["Noxious Fumes","Dagger Spray"],"picked":"Calculated Gamble","floor":3},{"not_picked":["Well Laid Plans","Flying Knee"],"picked":"Sucker Punch","floor":4},{"not_picked":["Deflect","After Image"],"picked":"Bane","floor":5}],"player_experience":90695,"relics_obtained":[],"event_choices":[],"is_beta":false,"boss_relics":[],"items_purged_floors":[],"is_endless":false,"potions_floor_spawned":[1,5],"killed_by":"Lagavulin","ascension_level":20,"potion_discard_per_floor":[[],[],[],[],[],[]]}