{"neow_bonuses_skipped_log":["TEN_PERCENT_HP_BONUS"],"neow_costs_skipped_log":["NONE"],"potions_obtained_entropic_brew":[[],[],[],[],[],[],[],[]],"gold_per_floor":[111,128,75,88,103,129,129,129],"floor_reached":8,"playtime":484,"items_purged":[],"score":116,"play_id":"f34d7a6e-e58b-429b-a0ae-35430fa24395","local_time":"20240105005748","score_breakdown":["Floors Climbed (8): 40","Enemies Slain (4): 8","Exordium Elites Killed (1): 10","Bosses Slain (0): 0","Ascension (20): 58"],"is_ascension_mode":true,"potions_obtained_alchemize":[[],[],[],[],[],[],[],[]],"campfire_choices":[{"floor":7,"key":"REST"}],"lesson_learned_per_floor":[[],[],[],[],[],[],[],[]],"neow_cost":"NONE","improvable_cards":{},"seed_source_timestamp":332143209783333,"shop_contents":[{"floor":3,"relics":["MealTicket","FossilizedHelix","Toolbox"],"cards":["Skewer","Bane","Crippling Poison","Outmaneuver","Caltrops","Jack Of All Trades","Master of Strategy"],"potions":["Ancient Potion","BlessingOfTheForge"]}],"circlet_count":0,"master_deck":["AscendersBane","Strike_G","Strike_G","Strike_G","Strike_G","Strike_G","Defend_G","Defend_G","Defend_G","Defend_G","Defend_G","Survivor","Neutralize","Blade Dance","Flying Knee","Accuracy","Dash"],"potion_use_per_floor":[[],[],[],[],[],["Poison Potion"],[],[]],"relics":["Ring of the Snake","NeowsBlessing","Pantograph"],"potions_floor_usage":[6],"damage_taken":[{"damage":0,"enemies":"Small Slimes","floor":1,"turns":1},{"damage":0,"enemies":"Cultist","floor":2,"turns":1},{"damage":0,"enemies":"2 Louse","floor":4,"turns":1},{"damage":13,"enemies":"Gremlin Gang","floor":5,"turns":6},{"damage":41,"enemies":"Lagavulin","floor":6,"turns":8},{"damage":8,"enemies":"Gremlin Nob","floor":8,"turns":3}],"seed_played":"1813786464695871033","neow_bonus_log":{"cardsObtained":[],"cardsUpgraded":[],"cardsRemoved":[],"cardsTransformed":[],"relicsObtained":["NeowsBlessing"],"maxHpGained":0,"goldGained":0,"damageTaken":0,"goldLost":0,"maxHpLost":0},"potions_obtained":[{"floor":1,"key":"ColorlessPotion"},{"floor":2,"key":"Explosive Potion"}],"is_trial":false,"path_per_floor":["M","M","$","M","M","E","R","E"],"character_chosen":"THE_SILENT","basemod:card_modifiers":[null,null,null,null,null,null,null,null,null,null,null,null,null,null,null,null,null],"items_purchased":["Poison Potion"],"campfire_rested":1,"item_purchase_floors":[3],"current_hp_per_floor":[59,59,59,59,46,5,24,16],"gold":129,"neow_bonus":"THREE_ENEMY_KILL","is_prod":false,"is_daily":false,"rewards_skipped":[],"chose_seed":false,"campfire_upgraded":0,"win_rate":0,"floor_exit_playtime":[68,80,220,230,324,446,450],"timestamp":1704434268,"path_taken":["M","M","$","M","M","E","R","E"],"build_version":"2022-12-01","purchased_purges":0,"victory":false,"max_hp_per_floor":[66,66,66,66,66,66,66,66],"relic_stats":{"counters":[6,20],"Pantograph":0,"obtain_stats":[{"NeowsBlessing":0,"Pantograph":6,"Ring of the Snake":0},{"NeowsBlessing":0,"Pantograph":5,"Ring of the Snake":0},{"NeowsBlessing":0,"Pantograph":17,"Ring of the Snake":0}],"Ring of the Snake":[12]},"card_choices":[{"not_picked":["Dodge and Roll","Bane"],"picked":"Blade Dance","floor":1},{"not_picked":["Outmaneuver","Dodge and Roll"],"picked":"Flying Knee","floor":2},{"not_picked":["Slice","Tactician"],"picked":"Accuracy","floor":4},{"not_picked":["Backflip","Acrobatics"],"picked":"Dash","floor":5},{"not_picked":["Expertise","Escape Plan","Quick Slash"],"picked":"SKIP","floor":6}],"player_experience":92214,"relics_obtained":[{"floor":6,"key":"Pantograph"}],"event_choices":[],"is_beta":false,"boss_relics":[],"items_purged_floors":[],"is_endless":false,"potions_floor_spawned":[1,2],"killed_by":"Gremlin Nob","ascension_level":20,"potion_discard_per_floor":[[],[],["ColorlessPotion"],[],[],[],[],[]]}