{"neow_bonuses_skipped_log":["THREE_ENEMY_KILL"],"neow_costs_skipped_log":["NONE"],"potions_obtained_entropic_brew":[[],[],[],[],[],[],[],[]],"gold_per_floor":[112,131,149,149,46,46,63,63],"floor_reached":8,"playtime":462,"items_purged":[],"score":96,"play_id":"3b658bc0-124e-4fa2-9862-67476c7f0b62","local_time":"20240105010541","score_breakdown":["Floors Climbed (8): 40","Enemies Slain (4): 8","Exordium Elites Killed (0): 0","Bosses Slain (0): 0","Ascension (20): 48"],"is_ascension_mode":true,"potions_obtained_alchemize":[[],[],[],[],[],[],[],[]],"campfire_choices":[{"data":"Catalyst","floor":6,"key":"SMITH"}],"lesson_learned_per_floor":[[],[],[],[],[],[],[],[]],"neow_cost":"NONE","improvable_cards":{},"seed_source_timestamp":332639127557583,"shop_contents":[{"floor":5,"relics":["Whetstone","Dream Catcher","Medical Kit"],"cards":["Endless Agony","Tactician","Footwork","Mind Blast","HandOfGreed"],"potions":["SkillPotion","SneckoOil","LiquidBronze"]}],"circlet_count":0,"master_deck":["AscendersBane","Strike_G","Strike_G","Strike_G","Strike_G","Strike_G","Defend_G","Defend_G","Defend_G","Defend_G","Survivor","Neutralize","Dagger Throw","Deadly Poison","Flechettes","Bullet Time","Catalyst+1","Dagger Throw","Backflip"],"potion_use_per_floor":[[],[],[],[],[],[],[],["SpeedPotion"]],"relics":["Ring of the Snake"],"potions_floor_usage":[8],"damage_taken":[{"damage":11,"enemies":"Jaw Worm","floor":1,"turns":6},{"damage":0,"enemies":"2 Louse","floor":2,"turns":3},{"damage":6,"enemies":"Small Slimes","floor":3,"turns":4},{"damage":1,"enemies":"Blue Slaver","floor":7,"turns":3},{"damage":71,"enemies":"Gremlin Nob","floor":8,"turns":4}],"seed_played":"3516153174872854316","neow_bonus_log":{"cardsObtained":[],"cardsUpgraded":[],"cardsRemoved":[],"cardsTransformed":[],"relicsObtained":[],"maxHpGained":6,"goldGained":0,"damageTaken":0,"goldLost":0,"maxHpLost":0},"potions_obtained":[{"floor":2,"key":"SpeedPotion"},{"floor":7,"key":"EssenceOfSteel"}],"is_trial":false,"path_per_floor":["M","M","M","?","$","R","M","E"],"character_chosen":"THE_SILENT","basemod:card_modifiers":[null,null,null,null,null,null,null,null,null,null,null,null,null,null,null,null,null,null,null],"items_purchased":["Catalyst","Dagger Throw"],"campfire_rested":0,"item_purchase_floors":[5,5],"current_hp_per_floor":[54,54,48,48,48,48,47,0],"gold":63,"neow_bonus":"TEN_PERCENT_HP_BONUS","is_prod":false,"is_daily":false,"rewards_skipped":[],"chose_seed":false,"campfire_upgraded":1,"win_rate":0,"floor_exit_playtime":[92,135,251,267,337,349,402],"timestamp":1704434741,"path_taken":["M","M","M","?","$","R","M","E"],"build_version":"2022-12-01","purchased_purges":0,"victory":false,"max_hp_per_floor":[72,72,72,72,72,72,72,72],"relic_stats":{"counters":[5,20],"obtain_stats":[{"Ring of the Snake":0},{"Ring of the Snake":0},{"Ring of the Snake":0}],"Ring of the Snake":[10]},"card_choices":[{"not_picked":["Reflex","Outmaneuver"],"picked":"Dagger Throw","floor":1},{"not_picked":["Cloak And Dagger","Escape Plan"],"picked":"Deadly Poison","floor":2},{"not_picked":["Prepared","Flying Knee"],"picked":"Flechettes","floor":3},{"not_picked":["Outmaneuver","Deadly Poison"],"picked":"Backflip","floor":7}],"player_experience":92698,"relics_obtained":[],"event_choices":[{"damage_healed":0,"gold_gain":0,"cards_transformed":["Defend_G"],"player_choice":"Change","damage_taken":0,"max_hp_gain":0,"max_hp_loss":0,"event_name":"Living Wall","floor":4,"gold_loss":0,"cards_obtained":["Bullet Time"]}],"is_beta":false,"boss_relics":[],"items_purged_floors":[],"is_endless":false,"potions_floor_spawned":[2,7],"killed_by":"Gremlin Nob","ascension_level":20,"potion_discard_per_floor":[[],[],[],[],[],[],[],[]]}