{"neow_bonuses_skipped_log":["TEN_PERCENT_HP_BONUS"],"potions_obtained_entropic_brew":[[],[],[],[],[],[],[],[],[],[],[],[],[],[],[],[],[],[],[],[],[],[],[],[],[],[],[],[],[],[],[],[],[],[],[],[],[],[],[],[],[],[],[],[],[],[],[],[],[],[]],"neow_costs_skipped_log":["NONE"],"gold_per_floor":[109,121,183,28,28,28,53,53,135,163,180,180,191,226,226,304,304,320,320,320,339,2,2,28,28,55,69,69,104,120,154,154,227,227,239,254,306,306,322,351,369,369,369,395,395,395,426,441,441,441],"floor_reached":50,"playtime":4268,"items_purged":[],"score":1587,"play_id":"d20dbf25-7bff-4d4e-95a7-60653372864a","local_time":"20240106011646","falling_options_log":["Acrobatics+1","Wraith Form v2+1"],"score_breakdown":["Floors Climbed (50): 250","Enemies Slain (13): 26","Exordium Elites Killed (3): 30","City Elites Killed (3): 60","Beyond Elites Killed (3): 90","Bosses Slain (2): 150","Librarian: 25","Champion (4): 100","Perfect (1): 50","Overkill: 25","Ascension (20): 781"],"is_ascension_mode":true,"potions_obtained_alchemize":[[],[],[],[],[],[],[],[],[],[],[],[],[],[],[],[],[],[],[],[],[],[],[],[],[],[],[],[],[],[],[],[],[],[],[],[],[],[],[],[],[],[],[],[],[],[],[],[],[],[]],"campfire_choices":[{"data":"Predator","floor":6.0,"key":"SMITH"},{"data":"Crippling Poison","floor":8.0,"key":"SMITH"},{"data":"Dagger Spray","floor":12.0,"key":"SMITH"},{"floor":15.0,"key":"REST"},{"data":"Catalyst","floor":23.0,"key":"SMITH"},{"data":"Prepared","floor":25.0,"key":"SMITH"},{"data":"Wraith Form v2","floor":32.0,"key":"SMITH"},{"floor":42.0,"key":"RECALL"},{"data":"Neutralize","floor":45,"key":"SMITH"},{"floor":49,"key":"REST"}],"lesson_learned_per_floor":[[],[],[],[],[],[],[],[],[],[],[],[],[],[],[],[],[],[],[],[],[],[],[],[],[],[],[],[],[],[],[],[],[],[],[],[],[],[],[],[],[],[],[],[],[],[],[],[],[],[]],"neow_cost":"NONE","improvable_cards":{},"seed_source_timestamp":376480545861708,"shop_contents":[{"floor":4,"relics":["Regal Pillow","Nunchaku","ClockworkSouvenir"],"cards":["Dagger Throw","Bane","PiercingWail","Caltrops","Forethought","Chrysalis"],"potions":["SpeedPotion"]},{"floor":22,"relics":["CeramicFish","PrismaticShard"],"cards":["Glass Knife","Slice","Deflect+1","Accuracy","Flash of Steel","Magnetism"],"potions":["LiquidMemories","Poison Potion","Block Potion"]}],"circlet_count":0,"master_deck":["AscendersBane","Defend_G","Defend_G","Defend_G","Defend_G","Defend_G","Survivor","Neutralize+1","Predator+1","Dagger Spray+1","Crippling Poison+1","Escape Plan","Prepared+1","Adrenaline","Phantasmal Killer","Catalyst+1","Bite","Bite","Bite","Violence","Leg Sweep","Backflip+1","Eviscerate","Pain","Acrobatics+1","PiercingWail+1","Wraith Form v2+1","Blur+1","Deadly Poison+1","Bullet Time+1","Outmaneuver+1","Tactician+1","Thinking Ahead+1","Deep Breath+1","Blur+1","Catalyst+1","Pain"],"special_seed":0,"potion_use_per_floor":[[],[],[],[],[],[],[],[],[],["Strength Potion"],[],[],["Dexterity Potion"],[],[],["Fire Potion","Swift Potion"],[],[],[],[],[],[],[],[],[],[],[],[],["ColorlessPotion"],["Block Potion"],[],[],[],[],[],[],[],[],["GamblersBrew"],[],[],[],[],[],[],[],[],[],[],["Strength Potion"]],"relics":["Ring of the Snake","NeowsBlessing","Letter Opener","Gremlin Horn","Snake Skull","MealTicket","Cursed Key","Toxic Egg 2","Blue Candle","Oddly Smooth Stone","Sundial","Strawberry","HoveringKite","TungstenRod","Orichalcum","Frozen Egg 2","Bag of Marbles"],"potions_floor_usage":[50],"damage_taken":[{"damage":0.0,"enemies":"Cultist","floor":1.0,"turns":1.0},{"damage":0.0,"enemies":"Small Slimes","floor":2.0,"turns":1.0},{"damage":0.0,"enemies":"3 Sentries","floor":7.0,"turns":1.0},{"damage":23.0,"enemies":"Lagavulin","floor":10.0,"turns":6.0},{"damage":0.0,"enemies":"2 Louse","floor":11.0,"turns":2.0},{"damage":9.0,"enemies":"Large Slime","floor":13.0,"turns":5.0},{"damage":27.0,"enemies":"3 Sentries","floor":14.0,"turns":7.0},{"damage":23.0,"enemies":"Slime Boss","floor":16.0,"turns":8.0},{"damage":18.0,"enemies":"Chosen","floor":18.0,"turns":5.0},{"damage":0.0,"enemies":"3 Byrds","floor":21.0,"turns":2.0},{"damage":0.0,"enemies":"Gremlin Leader","floor":24.0,"turns":5.0},{"damage":1.0,"enemies":"Cultist and Chosen","floor":27.0,"turns":5.0},{"damage":7.0,"enemies":"Book of Stabbing","floor":29.0,"turns":5.0},{"damage":23.0,"enemies":"Chosen and Byrds","floor":30.0,"turns":6.0},{"damage":1.0,"enemies":"Gremlin Leader","floor":31.0,"turns":4.0},{"damage":1.0,"enemies":"Collector","floor":33.0,"turns":5.0},{"damage":5.0,"enemies":"3 Shapes","floor":35.0,"turns":3.0},{"damage":4.0,"enemies":"Orb Walker","floor":36.0,"turns":3.0},{"damage":0.0,"enemies":"2 Orb Walkers","floor":37.0,"turns":3.0},{"damage":2.0,"enemies":"Writhing Mass","floor":39.0,"turns":6.0},{"damage":4.0,"enemies":"Nemesis","floor":40.0,"turns":7.0},{"damage":0.0,"enemies":"4 Shapes","floor":41.0,"turns":5.0},{"damage":0,"enemies":"Reptomancer","floor":44,"turns":2},{"damage":26,"enemies":"Nemesis","floor":47,"turns":9},{"damage":0,"enemies":"Maw","floor":48,"turns":4},{"damage":60,"enemies":"Time Eater","floor":50,"turns":9}],"green_key_taken_log":40,"seed_played":"-8112751841714314650","neow_bonus_log":{"cardsObtained":[],"cardsUpgraded":[],"cardsRemoved":[],"cardsTransformed":[],"relicsObtained":["NeowsBlessing"],"maxHpGained":0,"goldGained":0,"damageTaken":0,"goldLost":0,"maxHpLost":0},"potions_obtained":[{"floor":7.0,"key":"Fire Potion"},{"floor":11.0,"key":"Dexterity Potion"},{"floor":13.0,"key":"LiquidBronze"},{"floor":14.0,"key":"Swift Potion"},{"floor":18.0,"key":"ColorlessPotion"},{"floor":27.0,"key":"FearPotion"},{"floor":29.0,"key":"Block Potion"},{"floor":31.0,"key":"GamblersBrew"},{"floor":36.0,"key":"Strength Potion"},{"floor":47,"key":"BlessingOfTheForge"}],"is_trial":false,"path_per_floor":["M","M","?","$","?","R","E","R","T","E","M","R","M","E","R","B",null,"M","?","?","M","$","R","E","R","T","M","?","E","M","E","R","B",null,"M","M","?","?","M","E","M","R","T","E","R","?","E","M","R","B"],"character_chosen":"THE_SILENT","basemod:card_modifiers":[null,null,null,null,null,null,null,null,null,null,null,null,null,null,null,null,null,null,null,null,null,null,null,null,null,null,null,null,null,null,null,null,null,null,null,null,null],"items_purchased":["Strength Potion","Crippling Poison","Swift Potion","Toxic Egg 2","Backflip+1"],"campfire_rested":2,"item_purchase_floors":[4,4,4,22,22],"current_hp_per_floor":[59,59,59,59,64,64,64,64,64,41,41,41,32,5,26,3,54,36,36,36,44,49,49,49,49,49,49,49,42,30,42,42,43,53,52,55,56,47,55,56,56,56,56,56,56,56,30,34,50,0],"gold":441,"neow_bonus":"THREE_ENEMY_KILL","is_prod":false,"is_daily":false,"rewards_skipped":[{"floor":48,"relics":[],"potions":["SneckoOil"]}],"chose_seed":false,"campfire_upgraded":7,"win_rate":0,"floor_exit_playtime":[67,88,109,188,192,204,237,244,248,369,415,444,533,714,717,914,979,1053,1059,1075,1141,1158,1179,1355,1369,1400,1522,1648,1827,1988,2096,2108,2316,2450,2654,2748,2847,2946,3141,3415,3572,3589,3598,3653,3669,3673,3927,4009,4022],"timestamp":1704521806,"blue_key_relic_skipped_log":{"floor":43,"relicID":"PreservedInsect"},"path_taken":["M","M","?","$","?","R","E","R","T","E","M","R","M","E","R","BOSS","M","?","?","M","$","R","E","R","T","M","?","E","M","E","R","BOSS","M","M","?","?","?","E","M","R","T","E","R","?","E","M","R","BOSS"],"build_version":"2022-12-01","purchased_purges":0,"victory":false,"max_hp_per_floor":[66,66,66,66,71,71,71,71,71,71,71,71,71,71,71,71,71,71,49,49,49,49,49,49,49,49,49,49,49,49,56,56,56,56,56,56,56,56,56,56,56,56,56,56,56,56,56,56,56,56],"relic_stats":{"Gremlin Horn":[27,30],"counters":[26,119],"Blue Candle":[16],"HoveringKite":[25],"Snake Skull":[68],"Letter Opener":[585],"Orichalcum":[18],"Cursed Key":2,"Sundial":[12],"MealTicket":5,"obtain_stats":[{"NeowsBlessing":0,"Gremlin Horn":9,"Blue Candle":24,"Oddly Smooth Stone":26,"HoveringKite":34,"Snake Skull":10,"Letter Opener":7,"Orichalcum":40,"Frozen Egg 2":44,"Cursed Key":17,"Sundial":29,"Strawberry":31,"MealTicket":14,"Bag of Marbles":47,"Toxic Egg 2":22,"TungstenRod":37,"Ring of the Snake":0},{"NeowsBlessing":0,"Gremlin Horn":3,"Blue Candle":11,"Oddly Smooth Stone":11,"HoveringKite":16,"Snake Skull":4,"Letter Opener":3,"Orichalcum":21,"Frozen Egg 2":23,"Cursed Key":8,"Sundial":13,"Strawberry":15,"MealTicket":7,"Bag of Marbles":24,"Toxic Egg 2":10,"TungstenRod":19,"Ring of the Snake":0},{"NeowsBlessing":0,"Gremlin Horn":3,"Blue Candle":43,"Oddly Smooth Stone":43,"HoveringKite":68,"Snake Skull":9,"Letter Opener":3,"Orichalcum":90,"Frozen Egg 2":97,"Cursed Key":31,"Sundial":53,"Strawberry":63,"MealTicket":23,"Bag of Marbles":106,"Toxic Egg 2":38,"TungstenRod":77,"Ring of the Snake":0}],"TungstenRod":19,"Ring of the Snake":[52]},"card_choices":[{"not_picked":["Footwork","Dagger Throw"],"picked":"Predator","floor":1.0},{"not_picked":["Setup","Blade Dance"],"picked":"Dagger Spray","floor":2.0},{"not_picked":["Distraction","Dodge and Roll","Underhanded Strike"],"picked":"SKIP","floor":7.0},{"not_picked":["Finisher","Expertise"],"picked":"Escape Plan","floor":10.0},{"not_picked":["Sucker Punch","Flying Knee"],"picked":"Prepared","floor":11.0},{"not_picked":["Deflect","Sucker Punch","Cloak And Dagger"],"picked":"SKIP","floor":13.0},{"not_picked":["Deflect","Deadly Poison"],"picked":"Adrenaline","floor":14.0},{"not_picked":["Malaise","Burst"],"picked":"Phantasmal Killer","floor":16.0},{"not_picked":["Outmaneuver","Poisoned Stab"],"picked":"Catalyst","floor":18.0},{"not_picked":["Underhanded Strike","Dagger Spray"],"picked":"Leg Sweep","floor":21.0},{"not_picked":["Masterful Stab","Caltrops"],"picked":"Eviscerate","floor":24.0},{"not_picked":["Blur+1","Blade Dance+1"],"picked":"Acrobatics+1","floor":27.0},{"not_picked":["Quick Slash","Bane","Adrenaline+1","Deflect+1","Concentrate+1","Noxious Fumes","Poisoned Stab","Sucker Punch","Bullet Time+1","Well Laid Plans","Deadly Poison+1","Backflip+1","Dodge and Roll+1","Accuracy","Caltrops","Footwork","Infinite Blades","Outmaneuver+1","Flying Knee"],"picked":"PiercingWail+1","floor":28.0},{"not_picked":["Bane","Terror+1"],"picked":"Wraith Form v2","floor":29.0},{"not_picked":["Flying Knee","Slice+1"],"picked":"Blur+1","floor":30.0},{"not_picked":["Sucker Punch","Skewer"],"picked":"Deadly Poison+1","floor":31.0},{"not_picked":["Storm of Steel+1","Glass Knife"],"picked":"Bullet Time+1","floor":33.0},{"not_picked":["Poisoned Stab","Dagger Spray"],"picked":"Outmaneuver+1","floor":35.0},{"not_picked":["Cloak And Dagger+1","Dagger Spray","Bane"],"picked":"SKIP","floor":36.0},{"not_picked":["Dodge and Roll+1","Sucker Punch+1"],"picked":"Tactician+1","floor":37.0},{"not_picked":["Swift Strike","Deep Breath+1"],"picked":"Thinking Ahead+1","floor":38.0},{"not_picked":["Forethought+1","Swift Strike"],"picked":"Deep Breath+1","floor":38.0},{"not_picked":["Dramatic Entrance","Mind Blast","Metamorphosis+1"],"picked":"SKIP","floor":38.0},{"not_picked":["Backstab+1","Endless Agony","Infinite Blades+1"],"picked":"SKIP","floor":39.0},{"not_picked":["Deadly Poison+1","Leg Sweep+1"],"picked":"Blur+1","floor":40.0},{"not_picked":["Quick Slash+1","Dagger Throw"],"picked":"Catalyst+1","floor":41.0},{"not_picked":["Escape Plan+1","Sucker Punch","Dash"],"picked":"SKIP","floor":44},{"not_picked":["Riddle With Holes","Quick Slash","Expertise+1"],"picked":"SKIP","floor":47},{"not_picked":["Tactician+1","Underhanded Strike","Outmaneuver+1"],"picked":"SKIP","floor":48}],"player_experience":99332,"relics_obtained":[{"floor":7.0,"key":"Letter Opener"},{"floor":9.0,"key":"Gremlin Horn"},{"floor":10.0,"key":"Snake Skull"},{"floor":14.0,"key":"MealTicket"},{"floor":24.0,"key":"Blue Candle"},{"floor":26.0,"key":"Oddly Smooth Stone"},{"floor":29.0,"key":"Sundial"},{"floor":31.0,"key":"Strawberry"},{"floor":37.0,"key":"TungstenRod"},{"floor":40.0,"key":"Orichalcum"},{"floor":44,"key":"Frozen Egg 2"},{"floor":47,"key":"Bag of Marbles"}],"event_choices":[{"damage_healed":0.0,"max_hp_gain":0.0,"max_hp_loss":0.0,"gold_gain":62.0,"event_name":"Golden Wing","player_choice":"Gained Gold","floor":3.0,"gold_loss":0.0,"damage_taken":0.0},{"damage_healed":0.0,"max_hp_gain":5.0,"max_hp_loss":0.0,"gold_gain":0.0,"event_name":"Big Fish","player_choice":"Donut","floor":5.0,"gold_loss":0.0,"damage_taken":0.0},{"damage_healed":0.0,"max_hp_gain":0.0,"max_hp_loss":22.0,"gold_gain":0.0,"event_name":"Vampires","player_choice":"Became a vampire","floor":19.0,"gold_loss":0.0,"damage_taken":0.0,"cards_obtained":["Bite","Bite","Bite","Bite","Bite"]},{"damage_healed":0.0,"max_hp_gain":0.0,"max_hp_loss":0.0,"gold_gain":0.0,"cards_transformed":["Bite"],"event_name":"Transmorgrifier","player_choice":"Transformed","floor":20.0,"gold_loss":0.0,"damage_taken":0.0,"cards_obtained":["Violence"]},{"damage_healed":0.0,"max_hp_gain":0.0,"max_hp_loss":0.0,"gold_gain":0.0,"event_name":"The Library","player_choice":"Read","floor":28.0,"gold_loss":0.0,"damage_taken":0.0,"cards_obtained":["PiercingWail"]},{"damage_healed":0.0,"max_hp_gain":0.0,"max_hp_loss":0.0,"gold_gain":0.0,"event_name":"Mysterious Sphere","player_choice":"Fight","floor":37.0,"gold_loss":0.0,"damage_taken":0.0},{"damage_healed":0.0,"max_hp_gain":0.0,"max_hp_loss":0.0,"gold_gain":0.0,"event_name":"SensoryStone","player_choice":"Memory 3","floor":38.0,"gold_loss":0.0,"damage_taken":10.0},{"cards_removed":["Bite"],"damage_healed":0,"gold_gain":0,"player_choice":"Removed Attack","damage_taken":0,"max_hp_gain":0,"max_hp_loss":0,"event_name":"Falling","floor":46,"gold_loss":0}],"is_beta":false,"boss_relics":[{"not_picked":["Ring of the Serpent","Snecko Eye"],"picked":"Cursed Key"},{"not_picked":["Runic Dome","Fusion Hammer"],"picked":"HoveringKite"}],"items_purged_floors":[],"is_endless":false,"potions_floor_spawned":[7,11,13,14,18,27,29,31,36,47,48],"killed_by":"Time Eater","ascension_level":20,"potion_discard_per_floor":[[],[],[],[],[],[],["Swift Potion"],[],[],[],[],[],[],["LiquidBronze"],[],[],[],[],[],[],[],[],[],[],[],[],[],[],[],[],[],[],[],[],[],["FearPotion"],[],[],[],[],[],[],[],[],[],[],[],[],[],[]]}