{"neow_bonuses_skipped_log":["THREE_SMALL_POTIONS","TWO_FIFTY_GOLD","BOSS_RELIC"],"neow_costs_skipped_log":["NONE","PERCENT_DAMAGE","NONE"],"potions_obtained_entropic_brew":[[],[],[],[],[],[],[],[],[],[],[],[],[],[],[],[],[],[],[],[],[],[],[],[],[],[],[],[],[],[],[],[],[]],"gold_per_floor":[110,129,142,161,175,175,193,209,209,237,237,43,78,78,78,151,151,167,177,197,177,227,227,245,245,245,262,262,291,302,11,11,11],"floor_reached":33,"playtime":3297,"items_purged":["Strike_G"],"score":542,"play_id":"d1c9cdc7-f94f-471c-87e5-08f4e9f68061","local_time":"20240118165949","score_breakdown":["Floors Climbed (33): 165","Enemies Slain (13): 26","Exordium Elites Killed (1): 10","City Elites Killed (1): 20","Bosses Slain (1): 50","Ascension (20): 271"],"is_ascension_mode":true,"potions_obtained_alchemize":[[],[],[],[],[],[],[],[],[],[],[],[],[],[],[],["Explosive Potion"],[],["Fire Potion"],["Fire Potion","CunningPotion"],["DistilledChaos"],[],[],[],["Ancient Potion","SteroidPotion"],[],[],["EssenceOfSteel","Dexterity Potion"],[],["LiquidBronze"],["Explosive Potion","SteroidPotion"],[],[],[]],"campfire_choices":[{"data":"Skewer","floor":6.0,"key":"SMITH"},{"data":"Backstab","floor":11.0,"key":"SMITH"},{"floor":15.0,"key":"REST"},{"data":"Apotheosis","floor":23,"key":"SMITH"},{"floor":28,"key":"REST"},{"floor":32,"key":"REST"}],"lesson_learned_per_floor":[[],[],[],[],[],[],[],[],[],[],[],[],[],[],[],[],[],[],[],[],[],[],[],[],[],[],[],[],[],[],[],[],[]],"neow_cost":"NONE","improvable_cards":{},"seed_source_timestamp":182639720339958,"shop_contents":[{"floor":12,"relics":["CeramicFish","Juzu Bracelet","DollysMirror"],"cards":["Poisoned Stab","Glass Knife","Deadly Poison","Cloak And Dagger","Caltrops","PanicButton"],"potions":["CultistPotion","DuplicationPotion","Fire Potion"]},{"floor":31,"relics":["StrikeDummy","Bottled Flame"],"cards":["Predator","Bane","Cloak And Dagger","Well Laid Plans","Discovery","Mayhem"],"potions":["SteroidPotion","Swift Potion","EssenceOfSteel"]}],"circlet_count":0,"master_deck":["AscendersBane","Strike_G","Strike_G","Strike_G","Strike_G","Defend_G","Defend_G","Defend_G","Defend_G","Defend_G","Survivor","Neutralize","Adrenaline","Skewer+1","Predator","Well Laid Plans","Endless Agony","Choke","Backstab+1","PiercingWail","Apotheosis+1","Venomology","Burst","Prepared+1","Tactician+1","Prepared","PiercingWail","Noxious Fumes+1","Prepared"],"special_seed":0,"potion_use_per_floor":[[],[],[],[],[],[],[],[],[],[],[],[],["GamblersBrew"],[],[],["Explosive Potion"],[],["CunningPotion"],["AttackPotion","Fire Potion"],["Fire Potion"],[],[],[],["CunningPotion","Fruit Juice"],[],[],["Ancient Potion","SteroidPotion","EssenceOfSteel"],[],["Dexterity Potion"],["Dexterity Potion","LiquidBronze"],[],[],["Explosive Potion","SteroidPotion"]],"relics":["Ring of the Serpent","Pear","Odd Mushroom","PreservedInsect","Anchor","Snake Skull","PrismaticShard"],"potions_floor_usage":[18,19,19,20,24,24,27,27,27,29,30,30,33,33],"damage_taken":[{"damage":1.0,"enemies":"2 Louse","floor":1.0,"turns":3.0},{"damage":1.0,"enemies":"Small Slimes","floor":2.0,"turns":3.0},{"damage":0.0,"enemies":"Cultist","floor":3.0,"turns":3.0},{"damage":11.0,"enemies":"Lots of Slimes","floor":4.0,"turns":5.0},{"damage":19.0,"enemies":"Gremlin Gang","floor":5.0,"turns":6.0},{"damage":1.0,"enemies":"Large Slime","floor":7.0,"turns":4.0},{"damage":5.0,"enemies":"Red Slaver","floor":8.0,"turns":3.0},{"damage":2.0,"enemies":"The Mushroom Lair","floor":10.0,"turns":4.0},{"damage":7.0,"enemies":"Lagavulin","floor":13.0,"turns":6.0},{"damage":28.0,"enemies":"Slime Boss","floor":16.0,"turns":11.0},{"damage":5,"enemies":"2 Thieves","floor":18,"turns":4},{"damage":8,"enemies":"3 Byrds","floor":19,"turns":5},{"damage":3,"enemies":"Centurion and Healer","floor":20,"turns":6},{"damage":24,"enemies":"Sentry and Sphere","floor":24,"turns":5},{"damage":5,"enemies":"Snecko","floor":27,"turns":4},{"damage":32,"enemies":"Book of Stabbing","floor":29,"turns":6},{"damage":0,"enemies":"Centurion and Healer","floor":30,"turns":6},{"damage":50,"enemies":"Automaton","floor":33,"turns":6}],"seed_played":"2294112514718717456","neow_bonus_log":{"cardsObtained":["Adrenaline"],"cardsUpgraded":[],"cardsRemoved":[],"cardsTransformed":[],"relicsObtained":[],"maxHpGained":0,"goldGained":0,"damageTaken":0,"goldLost":0,"maxHpLost":0},"potions_obtained":[{"floor":2.0,"key":"AttackPotion"},{"floor":10.0,"key":"GamblersBrew"},{"floor":16.0,"key":"CunningPotion"},{"floor":20,"key":"SteroidPotion"},{"floor":21,"key":"Fruit Juice"},{"floor":27,"key":"Dexterity Potion"}],"is_trial":false,"path_per_floor":["M","M","M","M","M","R","M","M","T","?","R","$","E","?","R","B",null,"M","M","M","?","?","R","M","?","T","M","R","E","M","$","R","B"],"character_chosen":"THE_SILENT","basemod:card_modifiers":[null,null,null,null,null,null,null,null,null,null,null,null,null,null,null,null,null,null,null,null,null,null,null,null,null,null,null,null,null],"items_purchased":["Apotheosis","Prepared","PrismaticShard"],"campfire_rested":3,"item_purchase_floors":[12,31,31],"current_hp_per_floor":[58,57,57,46,27,27,26,21,31,29,29,29,22,22,44,16,61,56,48,45,45,45,45,26,26,26,21,45,13,13,13,37,0],"gold":11,"neow_bonus":"ONE_RANDOM_RARE_CARD","is_prod":false,"is_daily":false,"rewards_skipped":[{"floor":18,"relics":[],"potions":["Swift Potion"]}],"chose_seed":false,"campfire_upgraded":3,"win_rate":0,"floor_exit_playtime":[104,193,249,347,450,469,535,567,570,657,761,788,911,917,978,1219,1323,1429,1770,1944,1973,1980,1993,2246,2277,2298,2469,2482,2680,2841,2961,2964],"timestamp":1705615189,"path_taken":["M","M","M","M","M","R","M","M","T","?","R","$","E","?","R","BOSS","M","M","M","?","?","R","?","?","T","?","R","E","M","$","R","BOSS"],"build_version":"2022-12-01","purchased_purges":1,"victory":false,"max_hp_per_floor":[66,66,66,66,66,66,66,66,76,76,76,76,76,76,76,76,76,76,76,76,76,76,76,81,81,81,81,81,81,81,81,81,81],"relic_stats":{"counters":[18,90],"PreservedInsect":43,"Snake Skull":[8],"obtain_stats":[{"Anchor":26,"Pear":9,"PreservedInsect":13,"Snake Skull":29,"Odd Mushroom":10,"PrismaticShard":31,"Ring of the Serpent":17,"Ring of the Snake":0},{"Anchor":14,"Pear":7,"PreservedInsect":9,"Snake Skull":16,"Odd Mushroom":8,"PrismaticShard":17,"Ring of the Serpent":10,"Ring of the Snake":0},{"Anchor":68,"Pear":27,"PreservedInsect":37,"Snake Skull":78,"Odd Mushroom":31,"PrismaticShard":84,"Ring of the Serpent":48,"Ring of the Snake":0}]},"card_choices":[{"not_picked":["Bane","Underhanded Strike"],"picked":"Skewer","floor":1.0},{"not_picked":["Cloak And Dagger","Accuracy"],"picked":"Predator","floor":2.0},{"not_picked":["Distraction","Sucker Punch","Underhanded Strike"],"picked":"SKIP","floor":3.0},{"not_picked":["Slice","Acrobatics"],"picked":"Well Laid Plans","floor":4.0},{"not_picked":["Underhanded Strike","Blur"],"picked":"Endless Agony","floor":5.0},{"not_picked":["Dodge and Roll","Flying Knee"],"picked":"Choke","floor":7.0},{"not_picked":["Adrenaline","Catalyst"],"picked":"Backstab","floor":8.0},{"not_picked":["Crippling Poison","Tactician"],"picked":"PiercingWail","floor":10.0},{"not_picked":["Riddle With Holes","Slice"],"picked":"Venomology","floor":13.0},{"not_picked":["Glass Knife","Envenom"],"picked":"Burst","floor":16.0},{"not_picked":["Choke","Quick Slash","Sucker Punch"],"picked":"SKIP","floor":18},{"not_picked":["Well Laid Plans","Dagger Spray"],"picked":"Prepared+1","floor":19},{"not_picked":["Masterful Stab","Expertise"],"picked":"Tactician+1","floor":20},{"not_picked":["Bane+1","Cloak And Dagger"],"picked":"Prepared","floor":24},{"not_picked":["Underhanded Strike","Outmaneuver"],"picked":"PiercingWail","floor":27},{"not_picked":["All Out Attack","Flying Knee","Grand Finale"],"picked":"SKIP","floor":29},{"not_picked":["Skewer","Bane"],"picked":"Noxious Fumes+1","floor":30}],"player_experience":131116,"relics_obtained":[{"floor":9.0,"key":"Pear"},{"floor":10.0,"key":"Odd Mushroom"},{"floor":13.0,"key":"PreservedInsect"},{"floor":26,"key":"Anchor"},{"floor":29,"key":"Snake Skull"}],"event_choices":[{"damage_healed":0.0,"max_hp_gain":0.0,"max_hp_loss":0.0,"gold_gain":0.0,"event_name":"Mushrooms","player_choice":"Fought Mushrooms","floor":10.0,"gold_loss":0.0,"damage_taken":0.0},{"damage_healed":0.0,"max_hp_gain":0.0,"max_hp_loss":0.0,"gold_gain":0.0,"event_name":"Shining Light","player_choice":"Ignored","floor":14.0,"gold_loss":0.0,"damage_taken":0.0},{"damage_healed":0,"gold_gain":0,"player_choice":"Bought 1 Potion","damage_taken":0,"max_hp_gain":0,"max_hp_loss":0,"event_name":"The Woman in Blue","floor":21,"gold_loss":0},{"damage_healed":0,"gold_gain":50,"player_choice":"Stole From Cult","damage_taken":0,"max_hp_gain":0,"max_hp_loss":0,"event_name":"Nest","floor":22,"gold_loss":0},{"damage_healed":0,"gold_gain":0,"player_choice":"0 cards matched","damage_taken":0,"max_hp_gain":0,"max_hp_loss":0,"event_name":"Match and Keep!","floor":25,"gold_loss":0,"cards_obtained":[]}],"is_beta":false,"boss_relics":[{"not_picked":["Ectoplasm","Busted Crown"],"picked":"Ring of the Serpent"}],"items_purged_floors":[31],"is_endless":false,"potions_floor_spawned":[2,10,16,18,20,27],"killed_by":"Automaton","ascension_level":20,"potion_discard_per_floor":[[],[],[],[],[],[],[],[],[],[],[],[],[],[],[],[],[],[],[],["DistilledChaos"],["SteroidPotion"],[],[],[],[],[],[],[],[],[],[],[],[]]}