{"neow_bonuses_skipped_log":["UPGRADE_CARD","TEN_PERCENT_HP_BONUS","BOSS_RELIC"],"neow_costs_skipped_log":["NONE","NONE","NONE"],"potions_obtained_entropic_brew":[[],[],[],[],[],[],[],[],[],[],[],[],[],[],[],[],[],[],[],[],[],[],[],[],[],[],[],[],[],[],[],[],[],[],[],[],[],[],[],[],[],[],[],[],[],[],[],[],[],[],[],[],[],[],[],[],[]],"gold_per_floor":[16,166,166,33,33,33,73,89,89,129,129,142,167,182,182,280,280,298,298,311,354,368,368,383,383,383,383,416,432,432,453,453,543,543,557,582,582,915,915,915,915,962,962,996,420,420,445,460,460,460,460,460,460,80,106,106],"floor_reached":57,"playtime":6896,"items_purged":["Doubt","Corpse Explosion","Corpse Explosion"],"score":2691,"play_id":"6b602988-a82e-404f-be35-4f83af09493d","local_time":"20240122145050","falling_options_log":["Acrobatics+1","After Image"],"score_breakdown":["Floors Climbed (57): 285","Enemies Slain (14): 28","Exordium Elites Killed (2): 20","City Elites Killed (1): 20","Beyond Elites Killed (1): 30","Bosses Slain (5): 750","Money Money (1275): 25","Perfect (1): 50","Overkill: 25","Ascension (20): 1208","Heartbreaker: 250"],"is_ascension_mode":true,"potions_obtained_alchemize":[["Swift Potion"],[],[],[],[],[],["Poison Potion"],["DistilledChaos","Energy Potion"],[],["BlessingOfTheForge","ColorlessPotion"],[],["FearPotion","SmokeBomb"],["Ancient Potion","Block Potion"],["Regen Potion","Fire Potion"],[],["Strength Potion","LiquidBronze"],[],["PowerPotion","Explosive Potion"],[],["Dexterity Potion","Regen Potion"],["GhostInAJar","SneckoOil"],["Energy Potion"],[],["DuplicationPotion"],[],[],[],["CunningPotion","Strength Potion"],["DistilledChaos","LiquidMemories"],[],["AttackPotion","Energy Potion"],[],["Energy Potion","GamblersBrew"],[],["AttackPotion","Strength Potion"],["SpeedPotion","CunningPotion"],[],[],[],[],[],["Poison Potion","SpeedPotion"],[],["Fire Potion","ColorlessPotion"],[],[],["PowerPotion"],[],[],["SkillPotion","BlessingOfTheForge"],["Fire Potion","Ancient Potion"],[],[],[],["Explosive Potion","Swift Potion"],["EssenceOfSteel","LiquidMemories"],[]],"campfire_choices":[{"data":"Venomology","floor":6.0,"key":"SMITH"},{"data":"Venomology","floor":11.0,"key":"SMITH"},{"data":"Poisoned Stab","floor":15.0,"key":"SMITH"},{"data":"Wraith Form v2","floor":23.0,"key":"SMITH"},{"data":"Bullet Time","floor":25.0,"key":"SMITH"},{"data":"Calculated Gamble","floor":27.0,"key":"SMITH"},{"data":"Setup","floor":30.0,"key":"SMITH"},{"data":"Night Terror","floor":32.0,"key":"SMITH"},{"floor":40.0,"key":"RECALL"},{"data":"Footwork","floor":46.0,"key":"SMITH"},{"data":"Concentrate","floor":49.0,"key":"SMITH"},{"data":"After Image","floor":53,"key":"SMITH"}],"lesson_learned_per_floor":[[],[],[],[],[],[],[],[],[],[],[],[],[],[],[],[],[],[],[],[],[],[],[],[],[],[],[],[],[],[],[],[],[],[],[],[],[],[],[],[],[],[],[],[],[],[],[],[],[],[],[],[],[],[],[],[],[]],"neow_cost":"NO_GOLD","improvable_cards":{},"seed_source_timestamp":0,"shop_contents":[{"floor":4,"relics":["Potion Belt","Snake Skull","Cauldron"],"cards":["Grand Finale","Flechettes","Setup","Footwork","Dark Shackles","Transmutation"],"potions":["Regen Potion","DistilledChaos","LiquidBronze"]},{"floor":45,"relics":["Gremlin Horn","HandDrill"],"cards":["Backstab","Dagger Spray","Outmaneuver","Corpse Explosion","Violence"],"potions":["LiquidBronze","FearPotion","Poison Potion"]},{"floor":54,"relics":["Anchor","Whetstone"],"cards":["Glass Knife","Dagger Throw","Malaise","Concentrate","HandOfGreed"],"potions":["Dexterity Potion","Ancient Potion","SpeedPotion"]}],"circlet_count":0,"master_deck":["AscendersBane","Survivor","Neutralize","Venomology+1","Poisoned Stab+1","Blade Dance","Venomology+1","Calculated Gamble+1","Underhanded Strike","Acrobatics","Backflip","After Image+1","Bullet Time+1","PiercingWail","Blade Dance","Wraith Form v2+1","Backflip","Dodge and Roll","Corpse Explosion","Setup+1","Acrobatics+1","Night Terror+1","Malaise","PiercingWail","Acrobatics","Eviscerate","Footwork+1","Panacea","Concentrate+1","Calculated Gamble+1","Bouncing Flask+1","Dark Shackles","Tools of the Trade","Night Terror"],"special_seed":0,"potion_use_per_floor":[[],[],[],[],[],[],["SteroidPotion","Swift Potion"],["Poison Potion","DistilledChaos"],[],["Swift Potion","BlessingOfTheForge","Energy Potion","ColorlessPotion"],[],[],["Ancient Potion"],["Block Potion","FearPotion","Regen Potion"],[],["Strength Potion","LiquidBronze"],[],["Fire Potion"],[],["PowerPotion","Dexterity Potion","Regen Potion","DuplicationPotion"],["SneckoOil"],[],[],["Energy Potion"],[],[],[],["DuplicationPotion","CunningPotion"],["Strength Potion","DistilledChaos"],[],["LiquidMemories","AttackPotion"],[],["Energy Potion","Energy Potion"],[],["GamblersBrew","AttackPotion"],["Strength Potion"],[],[],[],[],[],["CunningPotion","Poison Potion"],[],["SpeedPotion"],[],[],["ColorlessPotion"],[],[],["PowerPotion","SkillPotion","BlessingOfTheForge"],["Fire Potion"],[],[],[],["Ancient Potion","Explosive Potion","GhostInAJar"],["Swift Potion","EssenceOfSteel","LiquidMemories"],[]],"relics":["Ring of the Snake","Omamori","Gambling Chip","Art of War","Pandora\u0027s Box","StoneCalendar","Red Mask","Juzu Bracelet","Philosopher\u0027s Stone","Prayer Wheel","Smiling Mask","Bottled Flame","TungstenRod","CaptainsWheel","ClockworkSouvenir","Du-Vu Doll"],"potions_floor_usage":[51,55,55,55,56,56,56],"damage_taken":[{"damage":2.0,"enemies":"Small Slimes","floor":1.0,"turns":5.0},{"damage":8.0,"enemies":"Gremlin Nob","floor":7.0,"turns":3.0},{"damage":0.0,"enemies":"Jaw Worm","floor":8.0,"turns":2.0},{"damage":14.0,"enemies":"3 Sentries","floor":10.0,"turns":8.0},{"damage":7.0,"enemies":"2 Louse","floor":12.0,"turns":3.0},{"damage":0.0,"enemies":"Lots of Slimes","floor":13.0,"turns":4.0},{"damage":0.0,"enemies":"2 Fungi Beasts","floor":14.0,"turns":4.0},{"damage":10.0,"enemies":"Hexaghost","floor":16.0,"turns":7.0},{"damage":4.0,"enemies":"2 Thieves","floor":18.0,"turns":4.0},{"damage":12.0,"enemies":"Chosen","floor":20.0,"turns":5.0},{"damage":16.0,"enemies":"Masked Bandits","floor":21.0,"turns":3.0},{"damage":0.0,"enemies":"Centurion and Healer","floor":22.0,"turns":2.0},{"damage":0.0,"enemies":"3 Cultists","floor":24.0,"turns":1.0},{"damage":3.0,"enemies":"Slavers","floor":28.0,"turns":3.0},{"damage":0.0,"enemies":"Sentry and Sphere","floor":29.0,"turns":3.0},{"damage":0.0,"enemies":"Snecko","floor":31.0,"turns":4.0},{"damage":0.0,"enemies":"Collector","floor":33.0,"turns":10.0},{"damage":3.0,"enemies":"3 Darklings","floor":35.0,"turns":5.0},{"damage":0.0,"enemies":"3 Shapes","floor":36.0,"turns":4.0},{"damage":0.0,"enemies":"2 Orb Walkers","floor":42.0,"turns":3.0},{"damage":4.0,"enemies":"Nemesis","floor":44.0,"turns":9.0},{"damage":3.0,"enemies":"Mind Bloom Boss Battle","floor":47.0,"turns":7.0},{"damage":0.0,"enemies":"3 Darklings","floor":48.0,"turns":3.0},{"damage":20.0,"enemies":"Time Eater","floor":50.0,"turns":6.0},{"damage":21,"enemies":"Awakened One","floor":51,"turns":20},{"damage":32,"enemies":"Shield and Spear","floor":55,"turns":8},{"damage":3,"enemies":"The Heart","floor":56,"turns":14}],"green_key_taken_log":10,"seed_played":"7376664120821339978","neow_bonus_log":{"cardsObtained":[],"cardsUpgraded":[],"cardsRemoved":[],"cardsTransformed":[],"relicsObtained":[],"maxHpGained":0,"goldGained":0,"damageTaken":0,"goldLost":99,"maxHpLost":0},"potions_obtained":[{"floor":1.0,"key":"SteroidPotion"},{"floor":7.0,"key":"Swift Potion"},{"floor":18.0,"key":"DuplicationPotion"},{"floor":21.0,"key":"Block Potion"}],"is_trial":false,"path_per_floor":["M","?","?","$","?","R","E","M","T","E","R","M","M","M","R","B",null,"M","T","M","?","M","R","M","R","T","R","E","M","R","M","R","B",null,"M","M","?","?","?","R","?","?","T","E","$","R","?","M","R","B","B",null,"R","$","E","B",null],"character_chosen":"THE_SILENT","basemod:card_modifiers":[null,null,null,null,null,null,null,null,null,null,null,null,null,null,null,null,null,null,null,null,null,null,null,null,null,null,null,null,null,null,null,null,null,null],"items_purchased":["Blade Dance","TungstenRod","Footwork","Panacea","Dark Shackles","Tools of the Trade","ClockworkSouvenir"],"campfire_rested":0,"item_purchase_floors":[4,45,45,45,54,54,54],"current_hp_per_floor":[57,57,57,57,39,39,31,31,31,17,17,10,10,22,22,12,48,44,44,47,31,31,31,31,31,31,31,28,28,28,28,28,28,52,49,49,49,49,60,60,60,60,60,56,56,56,53,53,53,33,12,48,48,48,16,13],"gold":106,"neow_bonus":"THREE_RARE_CARDS","is_prod":false,"is_daily":false,"rewards_skipped":[{"floor":22,"relics":[],"potions":["Fire Potion"]},{"floor":28,"relics":[],"potions":["SpeedPotion"]},{"floor":33,"relics":[],"potions":["CunningPotion"]},{"floor":35,"relics":[],"potions":["Poison Potion"]},{"floor":47,"relics":[],"potions":["Weak Potion"]}],"chose_seed":false,"campfire_upgraded":11,"win_rate":0,"floor_exit_playtime":[166,201,211,281,291,298,342,385,389,641,664,724,827,935,968,1124,1194,1327,1331,1606,1733,1825,1837,1905,1912,1919,1938,2089,2220,2234,2414,2433,2717,2787,2964,3098,3152,3160,3193,3237,3266,3382,3387,3714,3787,3814,4167,4291,4309,4633,5543,5555,5572,5684,6056,6896],"timestamp":1705953050,"blue_key_relic_skipped_log":{"floor":26,"relicID":"Darkstone Periapt"},"path_taken":["M","?","?","$","?","R","E","M","T","E","R","M","?","M","R","BOSS","M","?","M","?","M","R","M","R","T","R","E","M","R","M","R","BOSS","M","M","?","?","?","R","?","?","T","E","$","R","?","M","R","BOSS","BOSS","R","$","E","BOSS"],"build_version":"2022-12-01","purchased_purges":3,"victory":true,"max_hp_per_floor":[66,66,60,60,60,60,60,60,60,60,60,60,60,60,60,60,60,60,60,60,60,60,60,60,60,60,60,60,60,60,60,60,60,60,60,60,60,60,60,60,60,60,60,60,60,60,60,60,60,60,60,60,60,60,60,60],"relic_stats":{"counters":[27,150],"StoneCalendar":[264],"Omamori":1,"Juzu Bracelet":2,"Smiling Mask":125,"Bottled Flame":"Eviscerate","Gambling Chip":[76],"Pandora\u0027s Box":["Bullet Time","PiercingWail","Corpse Explosion","Blade Dance","Wraith Form v2","Backflip","Dodge and Roll","Corpse Explosion","Flying Knee","Corpse Explosion"],"Prayer Wheel":1,"Art of War":[27],"obtain_stats":[{"Golden Idol":3,"StoneCalendar":19,"Omamori":7,"Juzu Bracelet":28,"Smiling Mask":43,"ClockworkSouvenir":54,"Du-Vu Doll":55,"Bottled Flame":44,"CaptainsWheel":47,"Gambling Chip":9,"Pandora\u0027s Box":17,"Philosopher\u0027s Stone":34,"Prayer Wheel":42,"Art of War":10,"Red Mask":21,"TungstenRod":45,"Ring of the Snake":0},{"Golden Idol":1,"StoneCalendar":9,"Omamori":2,"Juzu Bracelet":14,"Smiling Mask":20,"ClockworkSouvenir":25,"Du-Vu Doll":26,"Bottled Flame":21,"CaptainsWheel":22,"Gambling Chip":3,"Pandora\u0027s Box":8,"Philosopher\u0027s Stone":17,"Prayer Wheel":20,"Art of War":4,"Red Mask":11,"TungstenRod":21,"Ring of the Snake":0},{"Golden Idol":5,"StoneCalendar":40,"Omamori":8,"Juzu Bracelet":54,"Smiling Mask":83,"ClockworkSouvenir":128,"Du-Vu Doll":136,"Bottled Flame":92,"CaptainsWheel":99,"Gambling Chip":10,"Pandora\u0027s Box":36,"Philosopher\u0027s Stone":71,"Prayer Wheel":83,"Art of War":18,"Red Mask":48,"TungstenRod":92,"Ring of the Snake":0}],"TungstenRod":67,"Ring of the Snake":[54]},"card_choices":[{"not_picked":["Bullet Time","Night Terror"],"picked":"Venomology","floor":0.0},{"not_picked":["Backflip","Slice"],"picked":"Poisoned Stab","floor":1.0},{"not_picked":["Bane","Prepared"],"picked":"Venomology","floor":7.0},{"not_picked":["Quick Slash","Deflect"],"picked":"Calculated Gamble","floor":8.0},{"not_picked":["Quick Slash","Distraction"],"picked":"Underhanded Strike","floor":10.0},{"not_picked":["Calculated Gamble","Deflect"],"picked":"Acrobatics","floor":12.0},{"not_picked":["Backflip","Quick Slash"],"picked":"Poisoned Stab","floor":13.0},{"not_picked":["Flying Knee","Outmaneuver"],"picked":"Backflip","floor":14.0},{"not_picked":["Wraith Form v2","A Thousand Cuts"],"picked":"After Image","floor":16.0},{"not_picked":["Quick Slash","Dagger Spray"],"picked":"Setup","floor":18.0},{"not_picked":["Blur","Flying Knee"],"picked":"Acrobatics+1","floor":20.0},{"not_picked":["Finisher","Outmaneuver","Setup"],"picked":"SKIP","floor":21.0},{"not_picked":["Expertise+1","Cloak And Dagger","Corpse Explosion"],"picked":"SKIP","floor":22.0},{"not_picked":["Distraction","Quick Slash","Infinite Blades"],"picked":"SKIP","floor":24.0},{"not_picked":["Die Die Die","Heel Hook","Underhanded Strike+1"],"picked":"SKIP","floor":28.0},{"not_picked":["Die Die Die","Heel Hook","Underhanded Strike+1"],"picked":"SKIP","floor":28.0},{"not_picked":["Cloak And Dagger","Sucker Punch","Blade Dance"],"picked":"SKIP","floor":29.0},{"not_picked":["Backflip","Eviscerate"],"picked":"Night Terror","floor":31.0},{"not_picked":["Tools of the Trade","Wraith Form v2"],"picked":"Malaise","floor":33.0},{"not_picked":["Setup","Deadly Poison"],"picked":"PiercingWail","floor":35.0},{"not_picked":["Slice","Outmaneuver","Dagger Spray+1"],"picked":"SKIP","floor":36.0},{"not_picked":["Cloak And Dagger","Dagger Spray"],"picked":"Acrobatics","floor":42.0},{"not_picked":["Prepared","Leg Sweep+1"],"picked":"Eviscerate","floor":44.0},{"not_picked":["Deadly Poison+1","Cloak And Dagger"],"picked":"Concentrate","floor":47.0},{"not_picked":["Prepared","Caltrops"],"picked":"Calculated Gamble+1","floor":48.0},{"not_picked":["Dodge and Roll","Heel Hook+1"],"picked":"Bouncing Flask+1","floor":48.0},{"not_picked":["Catalyst","Blade Dance"],"picked":"Night Terror","floor":55}],"player_experience":171243,"relics_obtained":[{"floor":7.0,"key":"Omamori"},{"floor":9.0,"key":"Gambling Chip"},{"floor":10.0,"key":"Art of War"},{"floor":19.0,"key":"StoneCalendar"},{"floor":21.0,"key":"Red Mask"},{"floor":28.0,"key":"Juzu Bracelet"},{"floor":42.0,"key":"Prayer Wheel"},{"floor":43.0,"key":"Smiling Mask"},{"floor":44.0,"key":"Bottled Flame"},{"floor":47.0,"key":"CaptainsWheel"},{"floor":55,"key":"Du-Vu Doll"}],"event_choices":[{"damage_healed":0.0,"max_hp_gain":0.0,"max_hp_loss":0.0,"gold_gain":150.0,"event_name":"Liars Game","player_choice":"AGREE","floor":2.0,"gold_loss":0.0,"damage_taken":0.0,"cards_obtained":["Doubt"]},{"damage_healed":0.0,"max_hp_gain":0.0,"max_hp_loss":6.0,"gold_gain":0.0,"event_name":"Golden Idol","player_choice":"Lose Max HP","floor":3.0,"gold_loss":0.0,"damage_taken":0.0,"relics_obtained":["Golden Idol"]},{"damage_healed":0.0,"max_hp_gain":0.0,"max_hp_loss":0.0,"gold_gain":0.0,"event_name":"Shining Light","player_choice":"Entered Light","floor":5.0,"gold_loss":0.0,"damage_taken":18.0,"cards_upgraded":["Strike_G","Defend_G"]},{"damage_healed":0.0,"max_hp_gain":0.0,"max_hp_loss":0.0,"gold_gain":0.0,"event_name":"Masked Bandits","player_choice":"Fought Bandits","floor":21.0,"gold_loss":0.0,"damage_taken":0.0},{"cards_removed":["Flying Knee"],"damage_healed":0.0,"max_hp_gain":0.0,"max_hp_loss":0.0,"gold_gain":0.0,"event_name":"Falling","player_choice":"Removed Attack","floor":37.0,"gold_loss":0.0,"damage_taken":0.0},{"damage_healed":0.0,"max_hp_gain":0.0,"max_hp_loss":0.0,"gold_gain":333.0,"event_name":"The Moai Head","player_choice":"Gave Idol","floor":38.0,"relics_lost":["Golden Idol"],"gold_loss":0.0,"damage_taken":0.0},{"damage_healed":12.0,"max_hp_gain":0.0,"max_hp_loss":0.0,"gold_gain":0.0,"event_name":"Winding Halls","player_choice":"Writhe","floor":39.0,"gold_loss":0.0,"damage_taken":0.0,"cards_obtained":["Writhe"]},{"cards_removed":["Poisoned Stab"],"damage_healed":0.0,"max_hp_gain":0.0,"max_hp_loss":0.0,"gold_gain":0.0,"event_name":"Purifier","player_choice":"Purged","floor":41.0,"gold_loss":0.0,"damage_taken":0.0},{"damage_healed":0.0,"max_hp_gain":0.0,"max_hp_loss":0.0,"gold_gain":0.0,"event_name":"Mysterious Sphere","player_choice":"Fight","floor":42.0,"gold_loss":0.0,"damage_taken":0.0},{"damage_healed":0.0,"max_hp_gain":0.0,"max_hp_loss":0.0,"gold_gain":0.0,"event_name":"MindBloom","player_choice":"Fight","floor":47.0,"gold_loss":0.0,"damage_taken":0.0}],"is_beta":false,"boss_relics":[{"not_picked":["Busted Crown","Empty Cage"],"picked":"Pandora\u0027s Box"},{"not_picked":["Black Star","Sozu"],"picked":"Philosopher\u0027s Stone"}],"items_purged_floors":[4,45,54],"is_endless":false,"potions_floor_spawned":[1,7,18,21,22,28,33,35,47],"ascension_level":20,"potion_discard_per_floor":[[],[],[],[],[],[],[],[],[],[],[],[],["SmokeBomb"],[],[],[],[],["Explosive Potion"],[],[],[],["Block Potion"],[],[],[],[],[],[],[],[],[],[],[],[],[],["SpeedPotion"],[],[],[],[],[],[],[],["Fire Potion"],[],[],[],[],[],[],[],[],[],[],[],[],[]]}