{"neow_bonuses_skipped_log":["REMOVE_CARD","HUNDRED_GOLD","BOSS_RELIC"],"neow_costs_skipped_log":["NONE","NONE","NONE"],"potions_obtained_entropic_brew":[[],[],[],[],[],[],[],["SpeedPotion","Poison Potion"],[],[],[],[],[],[],[],[],[],[],[],[],[],[],[],[],[],[],[],[],[],[],[],[],[],[],[],[],[],[],[],[],[],[],[],[],[],[],[],[],[],[],[],[],[],[],[],[]],"gold_per_floor":[119,136,136,24,24,24,39,66,66,76,95,95,109,121,121,198,198,213,213,213,224,242,242,276,287,287,287,40,40,40,71,71,142,142,154,166,166,213,227,255,255,268,349,349,383,605,158,172,172,172,172,172,172,0,30,30],"floor_reached":56,"playtime":8076,"items_purged":["All Out Attack","Dash"],"score":2004,"play_id":"d7fc359a-425f-41c1-8d8a-43af49698256","local_time":"20240119211043","score_breakdown":["Floors Climbed (56): 280","Enemies Slain (16): 32","Exordium Elites Killed (1): 10","City Elites Killed (1): 20","Beyond Elites Killed (2): 60","Bosses Slain (4): 500","Champion (2): 50","Perfect (1): 50","Ascension (20): 1002"],"is_ascension_mode":true,"potions_obtained_alchemize":[[],[],[],[],[],[],[],[],[],[],[],[],[],[],[],[],[],[],[],[],[],[],[],[],[],[],[],[],[],[],[],[],[],[],[],[],[],[],[],[],[],[],[],[],[],[],[],[],[],[],[],[],[],[],[],[]],"campfire_choices":[{"data":"Blade Dance","floor":6.0,"key":"SMITH"},{"data":"Neutralize","floor":12.0,"key":"SMITH"},{"data":"Footwork","floor":15.0,"key":"SMITH"},{"data":"Terror","floor":23.0,"key":"SMITH"},{"data":"Concentrate","floor":27,"key":"SMITH"},{"floor":29,"key":"REST"},{"data":"Apotheosis","floor":32,"key":"SMITH"},{"data":"Well Laid Plans","floor":41,"key":"SMITH"},{"data":"Acrobatics","floor":44,"key":"SMITH"},{"floor":49,"key":"RECALL"},{"data":"Adrenaline","floor":53,"key":"SMITH"}],"lesson_learned_per_floor":[[],[],[],[],[],[],[],[],[],[],[],[],[],[],[],[],[],[],[],[],[],[],[],[],[],[],[],[],[],[],[],[],[],[],[],[],[],[],[],[],[],[],[],[],[],[],[],[],[],[],[],[],[],[],[],[]],"neow_cost":"TEN_PERCENT_HP_LOSS","improvable_cards":{},"seed_source_timestamp":4667591407833,"shop_contents":[{"floor":4,"relics":["Boot","Dream Catcher","ClockworkSouvenir"],"cards":["Grand Finale","Underhanded Strike","Bullet Time","Dodge and Roll","Caltrops","Enlightenment","Secret Technique"],"potions":["Fruit Juice","Regen Potion"]},{"floor":28,"relics":["Art of War","Mercury Hourglass","Cauldron"],"cards":["Poisoned Stab","Backstab","Terror","Terror","Footwork","Jack Of All Trades","Good Instincts"],"potions":["SkillPotion","PowerPotion","FearPotion"]},{"floor":47,"relics":["Bird Faced Urn","StrikeDummy","Lee\u0027s Waffle"],"cards":["Underhanded Strike+1","Flying Knee+1","Catalyst","Setup","Caltrops","Panacea","HandOfGreed+1"],"potions":["SpeedPotion","AttackPotion","SteroidPotion"]},{"floor":54,"relics":["Ninja Scroll","Pear","Sling"],"cards":["Endless Agony+1","Dash+1","Terror","Outmaneuver","Noxious Fumes","Deep Breath","Violence"],"potions":["SkillPotion","Weak Potion","SkillPotion"]}],"circlet_count":0,"master_deck":["AscendersBane","Survivor","Neutralize+1","Blade Dance+1","Backflip","Terror+1","Dagger Throw","Footwork+1","Die Die Die","Die Die Die","Bullet Time","Eviscerate","Underhanded Strike","Distraction","Noxious Fumes","Outmaneuver","Bane","Acrobatics+1","Concentrate+1","Expertise","PiercingWail","Apotheosis+1","Well Laid Plans+1","Leg Sweep","Adrenaline+1","PiercingWail+1","Jack Of All Trades","Blur","Backflip","Backflip","Calculated Gamble","Deflect"],"special_seed":0,"potion_use_per_floor":[[],[],[],[],[],[],[],["DistilledChaos","EntropicBrew","Poison Potion","SpeedPotion"],[],[],[],[],[],[],[],["Dexterity Potion"],[],["SteroidPotion"],[],[],[],["Regen Potion"],[],[],[],[],[],[],[],[],[],[],["CultistPotion"],[],[],[],[],["FearPotion"],[],["CunningPotion"],[],[],[],[],[],[],[],[],[],[],["Energy Potion"],[],[],[],[],["FairyPotion"]],"relics":["Ring of the Snake","Gambling Chip","The Courier","Strawberry","Pandora\u0027s Box","MutagenicStrength","Pantograph","Calipers","Red Mask","Coffee Dripper","FossilizedHelix","Matryoshka","Molten Egg 2","Snake Skull","Sundial","Bag of Preparation","Pocketwatch"],"potions_floor_usage":[33,38,40,51],"damage_taken":[{"damage":3.0,"enemies":"Jaw Worm","floor":1.0,"turns":6.0},{"damage":1.0,"enemies":"Cultist","floor":2.0,"turns":3.0},{"damage":0.0,"enemies":"2 Louse","floor":7.0,"turns":2.0},{"damage":30.0,"enemies":"3 Sentries","floor":8.0,"turns":13.0},{"damage":2.0,"enemies":"Large Slime","floor":10.0,"turns":4.0},{"damage":1.0,"enemies":"Looter","floor":11.0,"turns":3.0},{"damage":2.0,"enemies":"Exordium Wildlife","floor":13.0,"turns":5.0},{"damage":1.0,"enemies":"Exordium Thugs","floor":14.0,"turns":4.0},{"damage":2.0,"enemies":"The Guardian","floor":16.0,"turns":13.0},{"damage":0.0,"enemies":"Shell Parasite","floor":18.0,"turns":1.0},{"damage":0.0,"enemies":"2 Thieves","floor":21.0,"turns":2.0},{"damage":0.0,"enemies":"Centurion and Healer","floor":22.0,"turns":6.0},{"damage":44.0,"enemies":"Book of Stabbing","floor":24.0,"turns":4.0},{"damage":0.0,"enemies":"Snecko","floor":25.0,"turns":3.0},{"damage":21,"enemies":"Masked Bandits","floor":31,"turns":4},{"damage":31,"enemies":"Collector","floor":33,"turns":5},{"damage":6,"enemies":"3 Darklings","floor":35,"turns":4},{"damage":0,"enemies":"Orb Walker","floor":36,"turns":1},{"damage":6,"enemies":"2 Orb Walkers","floor":38,"turns":3},{"damage":0,"enemies":"Maw","floor":39,"turns":6},{"damage":0,"enemies":"Reptomancer","floor":40,"turns":5},{"damage":0,"enemies":"Writhing Mass","floor":42,"turns":4},{"damage":0,"enemies":"Nemesis","floor":45,"turns":9},{"damage":0,"enemies":"Jaw Worm Horde","floor":48,"turns":3},{"damage":3,"enemies":"Donu and Deca","floor":50,"turns":10},{"damage":0,"enemies":"Awakened One","floor":51,"turns":18},{"damage":29,"enemies":"Shield and Spear","floor":55,"turns":9},{"damage":115,"enemies":"The Heart","floor":56,"turns":11}],"green_key_taken_log":8,"seed_played":"-4579700664724356731","neow_bonus_log":{"cardsObtained":[],"cardsUpgraded":[],"cardsRemoved":[],"cardsTransformed":[],"relicsObtained":["Gambling Chip"],"maxHpGained":0,"goldGained":0,"damageTaken":0,"goldLost":0,"maxHpLost":6},"potions_obtained":[{"floor":1.0,"key":"DistilledChaos"},{"floor":13.0,"key":"Dexterity Potion"},{"floor":14.0,"key":"SteroidPotion"},{"floor":16.0,"key":"FairyPotion"},{"floor":18.0,"key":"Block Potion"},{"floor":21.0,"key":"Regen Potion"},{"floor":25.0,"key":"Ancient Potion"},{"floor":31,"key":"CultistPotion"},{"floor":36,"key":"FearPotion"},{"floor":39,"key":"CunningPotion"},{"floor":45,"key":"LiquidBronze"},{"floor":48,"key":"Energy Potion"}],"is_trial":false,"path_per_floor":["M","M","?","$","?","R","M","E","T","M","M","R","M","M","R","B",null,"M","?","?","M","M","R","E","M","T","R","$","R","?","?","R","B",null,"M","M","?","?","M","E","R","M","T","R","E","?","$","M","R","B","B",null,"R","$","E","B"],"character_chosen":"THE_SILENT","basemod:card_modifiers":[null,null,null,null,null,null,null,null,null,null,null,null,null,null,null,null,null,null,null,null,null,null,null,null,null,null,null,null,null,null,null,null],"items_purchased":["EntropicBrew","Apotheosis","Well Laid Plans","Leg Sweep","Backflip","Sundial","Bag of Preparation","Calculated Gamble","Deflect"],"campfire_rested":1,"item_purchase_floors":[4,28,28,28,47,47,47,54,54],"current_hp_per_floor":[56,55,55,55,48,48,48,18,25,23,22,22,20,19,19,17,55,55,37,37,37,52,52,8,8,8,8,8,29,29,8,8,2,55,49,49,49,43,43,43,43,43,43,43,43,43,43,43,43,65,72,72,72,72,43,0],"gold":30,"neow_bonus":"ONE_RARE_RELIC","is_prod":false,"is_daily":false,"rewards_skipped":[{"floor":7,"relics":[],"potions":["Explosive Potion"]}],"chose_seed":false,"campfire_upgraded":9,"win_rate":0,"floor_exit_playtime":[227,267,277,348,366,387,441,691,696,763,801,818,895,994,1010,1218,1311,1358,1366,1436,1538,1672,1686,1837,1941,1952,2733,2803,2809,2854,2996,3008,3257,3303,3525,3616,3651,3862,4166,4464,4511,4772,4782,4822,5148,5153,5256,5415,5419,6005,6917,6932,6974,7079,7526],"timestamp":1705716643,"blue_key_relic_skipped_log":{"floor":43,"relicID":"Bottled Tornado"},"path_taken":["M","M","?","$","?","R","M","E","T","M","M","R","?","M","R","BOSS","M","?","?","M","M","R","E","M","T","R","$","R","?","?","R","BOSS","M","M","?","?","M","E","R","?","T","R","E","?","?","M","R","BOSS","BOSS","R","$","E","BOSS"],"build_version":"2022-12-01","purchased_purges":2,"victory":false,"max_hp_per_floor":[60,60,60,60,60,60,60,60,67,67,67,67,67,67,67,67,67,67,72,72,72,72,72,72,72,72,72,72,72,72,72,72,72,72,72,72,72,72,72,72,72,72,72,72,72,72,72,72,72,72,72,72,72,72,72,72],"relic_stats":{"Calipers":[505],"counters":[28,161],"The Courier":217,"Snake Skull":[39],"Bag of Preparation":[10],"Matryoshka":1,"Sundial":[14],"Gambling Chip":[87],"Pantograph":82,"Pandora\u0027s Box":["Die Die Die","Bullet Time","Eviscerate","Underhanded Strike","All Out Attack","Distraction","Noxious Fumes","Outmaneuver","Bane"],"obtain_stats":[{"Calipers":26,"The Courier":8,"Snake Skull":45,"Bag of Preparation":47,"Matryoshka":40,"Sundial":47,"Gambling Chip":0,"Strawberry":9,"MutagenicStrength":20,"Pantograph":24,"Pandora\u0027s Box":17,"Molten Egg 2":43,"Red Mask":31,"Coffee Dripper":34,"FossilizedHelix":38,"Ring of the Snake":0,"Pocketwatch":55},{"Calipers":14,"The Courier":4,"Snake Skull":23,"Bag of Preparation":23,"Matryoshka":21,"Sundial":23,"Gambling Chip":0,"Strawberry":4,"MutagenicStrength":10,"Pantograph":13,"Pandora\u0027s Box":9,"Molten Egg 2":22,"Red Mask":15,"Coffee Dripper":16,"FossilizedHelix":19,"Ring of the Snake":0,"Pocketwatch":27},{"Calipers":69,"The Courier":24,"Snake Skull":110,"Bag of Preparation":110,"Matryoshka":97,"Sundial":110,"Gambling Chip":0,"Strawberry":24,"MutagenicStrength":54,"Pantograph":66,"Pandora\u0027s Box":53,"Molten Egg 2":101,"Red Mask":73,"Coffee Dripper":78,"FossilizedHelix":86,"Ring of the Snake":0,"Pocketwatch":150}],"FossilizedHelix":[54],"Ring of the Snake":[56],"Pocketwatch":[0]},"card_choices":[{"not_picked":["Sucker Punch","Finisher"],"picked":"Blade Dance","floor":1.0},{"not_picked":["Deflect","Cloak And Dagger"],"picked":"Backflip","floor":2.0},{"not_picked":["Footwork","Dash"],"picked":"Terror","floor":7.0},{"not_picked":["Sucker Punch","Dodge and Roll"],"picked":"Dagger Throw","floor":8.0},{"not_picked":["Poisoned Stab","Eviscerate"],"picked":"Dash","floor":10.0},{"not_picked":["Predator","Underhanded Strike"],"picked":"Footwork","floor":11.0},{"not_picked":["Dagger Throw","Outmaneuver","Quick Slash"],"picked":"SKIP","floor":13.0},{"not_picked":["Finisher","Backflip","Glass Knife"],"picked":"SKIP","floor":14.0},{"not_picked":["Phantasmal Killer","Envenom"],"picked":"Die Die Die","floor":16.0},{"not_picked":["Poisoned Stab","Dodge and Roll","Quick Slash"],"picked":"SKIP","floor":18.0},{"not_picked":["Well Laid Plans","Underhanded Strike"],"picked":"Acrobatics","floor":21.0},{"not_picked":["Footwork","Bane"],"picked":"Concentrate","floor":22.0},{"not_picked":["Deflect","Blade Dance"],"picked":"Expertise","floor":24.0},{"not_picked":["Well Laid Plans","Choke"],"picked":"PiercingWail","floor":25.0},{"not_picked":["Slice","Bouncing Flask","Flying Knee"],"picked":"SKIP","floor":31},{"not_picked":["Storm of Steel","Burst"],"picked":"Adrenaline","floor":33},{"not_picked":["Noxious Fumes","Deadly Poison","Finisher+1"],"picked":"SKIP","floor":35},{"not_picked":["Dagger Throw","Escape Plan+1"],"picked":"PiercingWail+1","floor":36},{"not_picked":["PanicButton","Mayhem"],"picked":"Jack Of All Trades","floor":37},{"not_picked":["Noxious Fumes","Infinite Blades"],"picked":"Blur","floor":38},{"not_picked":["Slice","Flechettes","Blur"],"picked":"SKIP","floor":39},{"not_picked":["Tactician","Slice+1"],"picked":"Backflip","floor":40},{"not_picked":["Underhanded Strike","Flechettes","Dagger Throw"],"picked":"SKIP","floor":42},{"not_picked":["Riddle With Holes+1","Outmaneuver","A Thousand Cuts"],"picked":"SKIP","floor":45},{"not_picked":["Riddle With Holes+1","Outmaneuver","A Thousand Cuts"],"picked":"SKIP","floor":45},{"not_picked":["Poisoned Stab+1","Quick Slash+1","Distraction+1"],"picked":"SKIP","floor":48},{"not_picked":["Flechettes+1","Bane+1","Flying Knee+1"],"picked":"SKIP","floor":55}],"player_experience":144774,"relics_obtained":[{"floor":8.0,"key":"The Courier"},{"floor":9.0,"key":"Strawberry"},{"floor":24.0,"key":"Pantograph"},{"floor":26.0,"key":"Calipers"},{"floor":31,"key":"Red Mask"},{"floor":38,"key":"FossilizedHelix"},{"floor":40,"key":"Matryoshka"},{"floor":43,"key":"Molten Egg 2"},{"floor":45,"key":"Snake Skull"},{"floor":55,"key":"Pocketwatch"}],"event_choices":[{"damage_healed":0.0,"max_hp_gain":0.0,"max_hp_loss":0.0,"gold_gain":0.0,"event_name":"Scrap Ooze","player_choice":"Fled","floor":3.0,"gold_loss":0.0,"damage_taken":0.0},{"cards_removed":["Defend_G"],"damage_healed":0.0,"max_hp_gain":0.0,"max_hp_loss":0.0,"gold_gain":0.0,"event_name":"Golden Wing","player_choice":"Card Removal","floor":5.0,"gold_loss":0.0,"damage_taken":7.0},{"damage_healed":0.0,"max_hp_gain":5.0,"max_hp_loss":0.0,"gold_gain":0.0,"event_name":"Forgotten Altar","player_choice":"Shed Blood","floor":19.0,"gold_loss":0.0,"damage_taken":23.0},{"damage_healed":0.0,"max_hp_gain":0.0,"max_hp_loss":0.0,"gold_gain":0.0,"event_name":"Drug Dealer","player_choice":"Inject Mutagens","floor":20.0,"gold_loss":0.0,"damage_taken":0.0,"relics_obtained":["MutagenicStrength"]},{"damage_healed":0,"gold_gain":0,"player_choice":"Ignored","damage_taken":0,"max_hp_gain":0,"max_hp_loss":0,"event_name":"Vampires","floor":30,"gold_loss":0},{"damage_healed":0,"gold_gain":0,"player_choice":"Fought Bandits","damage_taken":0,"max_hp_gain":0,"max_hp_loss":0,"event_name":"Masked Bandits","floor":31,"gold_loss":0},{"damage_healed":0,"gold_gain":0,"player_choice":"Memory 1","damage_taken":0,"max_hp_gain":0,"max_hp_loss":0,"event_name":"SensoryStone","floor":37,"gold_loss":0},{"damage_healed":0,"gold_gain":0,"player_choice":"Fight","damage_taken":0,"max_hp_gain":0,"max_hp_loss":0,"event_name":"Mysterious Sphere","floor":38,"gold_loss":0},{"damage_healed":0,"gold_gain":222,"player_choice":"Wore Mask","damage_taken":0,"max_hp_gain":0,"max_hp_loss":0,"event_name":"Tomb of Lord Red Mask","floor":46,"gold_loss":0}],"is_beta":false,"boss_relics":[{"not_picked":["Velvet Choker","Black Star"],"picked":"Pandora\u0027s Box"},{"not_picked":["Snecko Eye","Tiny House"],"picked":"Coffee Dripper"}],"items_purged_floors":[47,54],"is_endless":false,"potions_floor_spawned":[1,7,13,14,16,18,21,25,31,36,39,45,48],"killed_by":"The Heart","ascension_level":20,"potion_discard_per_floor":[[],[],[],[],[],[],[],[],[],[],[],[],[],[],[],[],[],[],[],[],["Block Potion"],[],[],[],[],[],[],[],[],[],["Ancient Potion"],[],[],[],[],[],[],[],[],[],[],[],[],[],[],[],[],["LiquidBronze"],[],[],[],[],[],[],[],[]]}