{"neow_bonuses_skipped_log":["TRANSFORM_CARD","ONE_RARE_RELIC","BOSS_RELIC"],"potions_obtained_entropic_brew":[[],[],[],[],[],[],[],[],[],[],[],[],[],[],[],[]],"neow_costs_skipped_log":["NONE","CURSE","NONE"],"gold_per_floor":[119,119,119,43,0,34,54,54,54,89,89,108,121,142,142,142],"floor_reached":16,"playtime":672,"items_purged":[],"score":270,"play_id":"144c1f71-aa83-42ca-8811-edf8c42c6b83","local_time":"20240122101113","score_breakdown":["Floors Climbed (16): 80","Enemies Slain (5): 10","Exordium Elites Killed (2): 20","Bosses Slain (0): 0","Champion (1): 25","Ascension (20): 135"],"is_ascension_mode":true,"potions_obtained_alchemize":[[],[],[],[],[],[],[],[],[],[],[],[],[],[],[],[]],"campfire_choices":[{"floor":8,"key":"REST"},{"data":"Crippling Poison","floor":11,"key":"SMITH"},{"data":"Flechettes","floor":15,"key":"SMITH"}],"lesson_learned_per_floor":[[],[],[],[],[],[],[],[],[],[],[],[],[],[],[],[]],"neow_cost":"NONE","improvable_cards":{},"seed_source_timestamp":114360227978333,"shop_contents":[{"floor":4,"relics":["Prayer Wheel","Anchor","HandDrill"],"cards":["Endless Agony","Dagger Spray","Distraction","Tools of the Trade","Good Instincts","Chrysalis"],"potions":["PowerPotion","Dexterity Potion","FearPotion"]}],"circlet_count":0,"master_deck":["AscendersBane","Strike_G","Strike_G","Strike_G","Strike_G","Strike_G","Defend_G","Defend_G","Defend_G","Defend_G","Survivor","Neutralize","Terror","Crippling Poison+1","Blade Dance+1","Concentrate+1","Expertise+1","Acrobatics+1","Flechettes+1","Leg Sweep+1"],"potion_use_per_floor":[[],[],[],[],[],[],[],[],[],[],[],[],["SpeedPotion"],[],[],["LiquidBronze","SpeedPotion"]],"relics":["Ring of the Snake","NeowsBlessing","Golden Idol","Toxic Egg 2","Gremlin Horn","Pear"],"potions_floor_usage":[13,16,16],"damage_taken":[{"damage":0,"enemies":"Small Slimes","floor":1,"turns":1},{"damage":0,"enemies":"3 Sentries","floor":6,"turns":2},{"damage":0,"enemies":"Cultist","floor":7,"turns":1},{"damage":15,"enemies":"Lagavulin","floor":10,"turns":6},{"damage":1,"enemies":"Jaw Worm","floor":12,"turns":3},{"damage":22,"enemies":"Exordium Thugs","floor":13,"turns":5},{"damage":0,"enemies":"2 Fungi Beasts","floor":14,"turns":3},{"damage":22,"enemies":"Hexaghost","floor":16,"turns":9}],"green_key_taken_log":6,"seed_played":"-691269947943919292","neow_bonus_log":{"cardsObtained":[],"cardsUpgraded":[],"cardsRemoved":[],"cardsTransformed":[],"relicsObtained":["NeowsBlessing"],"maxHpGained":0,"goldGained":0,"damageTaken":0,"goldLost":0,"maxHpLost":0},"potions_obtained":[{"floor":1,"key":"SpeedPotion"},{"floor":10,"key":"SneckoOil"},{"floor":12,"key":"LiquidBronze"},{"floor":14,"key":"SpeedPotion"}],"is_trial":false,"path_per_floor":["M","?","?","$","?","E","M","R","T","E","R","M","M","M","R","B"],"character_chosen":"THE_SILENT","basemod:card_modifiers":[null,null,null,null,null,null,null,null,null,null,null,null,null,null,null,null,null,null,null,null],"items_purchased":["Crippling Poison"],"campfire_rested":1,"item_purchase_floors":[4],"current_hp_per_floor":[59,36,29,29,29,29,29,48,48,43,43,42,20,20,20,0],"gold":142,"neow_bonus":"THREE_ENEMY_KILL","is_prod":false,"is_daily":false,"rewards_skipped":[],"chose_seed":false,"campfire_upgraded":2,"win_rate":0,"floor_exit_playtime":[50,69,77,105,141,162,188,196,199,263,279,331,446,500,511],"timestamp":1705936273,"path_taken":["M","?","?","$","?","E","M","R","T","E","R","M","M","M","R","BOSS"],"build_version":"2022-12-01","purchased_purges":0,"victory":false,"max_hp_per_floor":[66,66,66,66,66,66,66,66,66,76,76,76,76,76,76,76],"relic_stats":{"Gremlin Horn":[2,2],"counters":[8,30],"Golden Idol":29,"obtain_stats":[{"Pear":10,"NeowsBlessing":0,"Gremlin Horn":9,"Golden Idol":2,"Toxic Egg 2":6,"Ring of the Snake":0},{"Pear":4,"NeowsBlessing":0,"Gremlin Horn":3,"Golden Idol":1,"Toxic Egg 2":2,"Ring of the Snake":0},{"Pear":10,"NeowsBlessing":0,"Gremlin Horn":4,"Golden Idol":1,"Toxic Egg 2":3,"Ring of the Snake":0}],"Ring of the Snake":[16]},"card_choices":[{"not_picked":["Bouncing Flask","Bane"],"picked":"Terror","floor":1},{"not_picked":["Blur+1","Prepared+1"],"picked":"Blade Dance+1","floor":6},{"not_picked":["Flechettes","Masterful Stab"],"picked":"Concentrate+1","floor":7},{"not_picked":["Caltrops","Heel Hook"],"picked":"Expertise+1","floor":10},{"not_picked":["Dodge and Roll+1","Slice"],"picked":"Acrobatics+1","floor":12},{"not_picked":["Blur+1","Quick Slash"],"picked":"Flechettes","floor":13},{"not_picked":["Unload","Dagger Spray"],"picked":"Leg Sweep+1","floor":14}],"player_experience":170571,"relics_obtained":[{"floor":6,"key":"Toxic Egg 2"},{"floor":9,"key":"Gremlin Horn"},{"floor":10,"key":"Pear"}],"event_choices":[{"damage_healed":0,"gold_gain":0,"player_choice":"Take Damage","damage_taken":23,"relics_obtained":["Golden Idol"],"max_hp_gain":0,"max_hp_loss":0,"event_name":"Golden Idol","floor":2,"gold_loss":0},{"cards_removed":["Defend_G"],"damage_healed":0,"gold_gain":0,"player_choice":"Card Removal","damage_taken":7,"max_hp_gain":0,"max_hp_loss":0,"event_name":"Golden Wing","floor":3,"gold_loss":0},{"damage_healed":0,"gold_gain":0,"player_choice":"Left Gold","damage_taken":0,"max_hp_gain":0,"max_hp_loss":0,"event_name":"World of Goop","floor":5,"gold_loss":43}],"is_beta":false,"boss_relics":[],"items_purged_floors":[],"is_endless":false,"potions_floor_spawned":[1,10,12,14],"killed_by":"Hexaghost","ascension_level":20,"potion_discard_per_floor":[[],[],[],[],[],[],[],[],[],[],[],["SneckoOil"],[],[],[],[]]}