{"neow_bonuses_skipped_log":["ONE_RANDOM_RARE_CARD","RANDOM_COLORLESS_2","BOSS_RELIC"],"neow_costs_skipped_log":["NONE","NO_GOLD","NONE"],"potions_obtained_entropic_brew":[[],[],[],[],[],["Block Potion","Ancient Potion"],[],[],[],[],[],[],[],[],[],[],[],[],[],[],[],[],[],[],[],[],[],[],[],[],[],[],[],[],[],[],[],[],[],[],[],[],[],[],["Regen Potion"],[],[],[],[],[],[],[],[],[],[],[],[]],"gold_per_floor":[216,216,216,2,19,52,64,64,64,75,75,110,126,154,154,229,229,246,171,171,184,202,235,245,245,245,260,275,290,319,337,337,409,409,425,425,440,440,456,484,495,523,523,536,552,580,580,275,275,275,275,275,275,11,38,38],"floor_reached":57,"playtime":8055,"items_purged":["All Out Attack+1"],"score":2941,"play_id":"3f9912b3-713b-4b8d-8b6f-50af2a8a6bf7","local_time":"20240130001955","score_breakdown":["Floors Climbed (57): 285","Enemies Slain (19): 38","Exordium Elites Killed (3): 30","City Elites Killed (2): 40","Beyond Elites Killed (3): 90","Bosses Slain (5): 750","Librarian: 25","Champion (3): 75","Overkill: 25","Ascension (20): 1333","Heartbreaker: 250"],"is_ascension_mode":true,"potions_obtained_alchemize":[[],[],[],[],[],[],[],[],[],[],[],[],[],[],[],[],[],[],[],[],[],[],[],[],[],[],[],[],[],[],[],[],[],[],[],[],[],[],[],[],[],[],[],[],[],[],[],[],[],[],[],[],[],[],[],[],[]],"campfire_choices":[{"data":"Well Laid Plans","floor":8.0,"key":"SMITH"},{"data":"Terror","floor":11.0,"key":"SMITH"},{"data":"Footwork","floor":15.0,"key":"SMITH"},{"data":"Wraith Form v2","floor":25.0,"key":"SMITH"},{"data":"Malaise","floor":32.0,"key":"SMITH"},{"floor":47.0,"key":"RECALL"},{"data":"Calculated Gamble","floor":49.0,"key":"SMITH"},{"floor":53.0,"key":"REST"}],"lesson_learned_per_floor":[[],[],[],[],[],[],[],[],[],[],[],[],[],[],[],[],[],[],[],[],[],[],[],[],[],[],[],[],[],[],[],[],[],[],[],[],[],[],[],[],[],[],[],[],[],[],[],[],[],[],[],[],[],[],[],[],[]],"neow_cost":"NONE","improvable_cards":{"RitualDagger+1":[115]},"seed_source_timestamp":0,"shop_contents":[{"floor":4,"relics":["Darkstone Periapt","Bronze Scales","Chemical X"],"cards":["Sucker Punch","Calculated Gamble","Catalyst","Forethought","Chrysalis"],"potions":["SmokeBomb","LiquidBronze"]},{"floor":48,"relics":["Juzu Bracelet","Strawberry"],"cards":["Dagger Throw+1","Glass Knife+1","Prepared","Cloak And Dagger","Infinite Blades","Bandage Up","Apotheosis"],"potions":["Dexterity Potion","Block Potion"]},{"floor":54,"relics":["Snake Skull","Tingsha","Toolbox"],"cards":["Quick Slash+1","Sucker Punch+1","Deadly Poison","Transmutation"],"potions":["Fire Potion","AttackPotion","CunningPotion"]}],"circlet_count":0,"master_deck":["AscendersBane","Survivor","Neutralize","Dagger Throw","Masterful Stab+1","Footwork+1","Slice","Predator+1","Terror+1","Backstab+1","Wraith Form v2+1","Deflect","RitualDagger+1","Prepared","Escape Plan","Malaise+1","Escape Plan","Sucker Punch+1","Corpse Explosion+1","Dagger Spray+1","Adrenaline","Backstab+1","Blur","Distraction","Leg Sweep","Tools of the Trade","Dash+1","Calculated Gamble+1","Concentrate+1","Secret Weapon","Bandage Up","PiercingWail","Calculated Gamble","PanicButton","Caltrops","Flechettes+1"],"special_seed":0,"potion_use_per_floor":[[],[],[],[],[],["LiquidMemories","EntropicBrew","Block Potion"],[],[],[],[],[],["FearPotion","Ancient Potion"],[],[],[],[],[],[],[],[],[],[],[],[],[],[],[],["SpeedPotion"],[],["SkillPotion"],[],[],[],[],[],[],[],[],[],[],[],[],[],[],["EntropicBrew"],["Regen Potion"],[],[],[],[],["Swift Potion"],[],[],[],[],["SteroidPotion"],[]],"relics":["Ring of the Snake","Molten Egg 2","StoneCalendar","HornCleat","Art of War","Runic Pyramid","Pen Nib","Pantograph","Whetstone","Pandora\u0027s Box","Bag of Preparation","War Paint","Ancient Tea Set","OrangePellets","Ornamental Fan"],"potions_floor_usage":[56],"damage_taken":[{"damage":2.0,"enemies":"Jaw Worm","floor":1.0,"turns":6.0},{"damage":0.0,"enemies":"Cultist","floor":5.0,"turns":3.0},{"damage":16.0,"enemies":"Lagavulin","floor":6.0,"turns":7.0},{"damage":0.0,"enemies":"2 Louse","floor":7.0,"turns":3.0},{"damage":1.0,"enemies":"Looter","floor":10.0,"turns":3.0},{"damage":11.0,"enemies":"Gremlin Nob","floor":12.0,"turns":3.0},{"damage":0.0,"enemies":"Exordium Wildlife","floor":13.0,"turns":2.0},{"damage":1.0,"enemies":"Lagavulin","floor":14.0,"turns":4.0},{"damage":2.0,"enemies":"Slime Boss","floor":16.0,"turns":7.0},{"damage":1.0,"enemies":"2 Thieves","floor":18.0,"turns":4.0},{"damage":2.0,"enemies":"Chosen","floor":21.0,"turns":4.0},{"damage":3.0,"enemies":"3 Cultists","floor":22.0,"turns":6.0},{"damage":0.0,"enemies":"Gremlin Leader","floor":23.0,"turns":6.0},{"damage":5.0,"enemies":"Snake Plant","floor":24.0,"turns":4.0},{"damage":0.0,"enemies":"Sentry and Sphere","floor":27.0,"turns":2.0},{"damage":8.0,"enemies":"Shelled Parasite and Fungi","floor":28.0,"turns":3.0},{"damage":0.0,"enemies":"Cultist and Chosen","floor":29.0,"turns":3.0},{"damage":5.0,"enemies":"Book of Stabbing","floor":30.0,"turns":5.0},{"damage":7.0,"enemies":"Centurion and Healer","floor":31.0,"turns":7.0},{"damage":48.0,"enemies":"Automaton","floor":33.0,"turns":11.0},{"damage":0.0,"enemies":"3 Darklings","floor":35.0,"turns":4.0},{"damage":0.0,"enemies":"3 Shapes","floor":37.0,"turns":2.0},{"damage":16.0,"enemies":"3 Darklings","floor":39.0,"turns":6.0},{"damage":1.0,"enemies":"Nemesis","floor":40.0,"turns":3.0},{"damage":3.0,"enemies":"Jaw Worm Horde","floor":41.0,"turns":3.0},{"damage":0.0,"enemies":"Reptomancer","floor":42.0,"turns":2.0},{"damage":0.0,"enemies":"Sphere and 2 Shapes","floor":44.0,"turns":2.0},{"damage":0.0,"enemies":"Maw","floor":45.0,"turns":7.0},{"damage":0.0,"enemies":"Giant Head","floor":46.0,"turns":6.0},{"damage":20.0,"enemies":"Time Eater","floor":50.0,"turns":9.0},{"damage":62.0,"enemies":"Awakened One","floor":51.0,"turns":28.0},{"damage":2.0,"enemies":"Shield and Spear","floor":55.0,"turns":6.0},{"damage":43,"enemies":"The Heart","floor":56,"turns":9}],"green_key_taken_log":40,"seed_played":"7259763594683418203","neow_bonus_log":{"cardsObtained":[],"cardsUpgraded":[],"cardsRemoved":[],"cardsTransformed":[],"relicsObtained":[],"maxHpGained":0,"goldGained":100,"damageTaken":0,"goldLost":0,"maxHpLost":0},"potions_obtained":[{"floor":5.0,"key":"EntropicBrew"},{"floor":7.0,"key":"FearPotion"},{"floor":18.0,"key":"FairyPotion"},{"floor":27.0,"key":"SpeedPotion"},{"floor":28.0,"key":"SkillPotion"},{"floor":33.0,"key":"EntropicBrew"},{"floor":55.0,"key":"SteroidPotion"}],"is_trial":false,"path_per_floor":["M","?","?","$","M","E","M","R","T","M","R","E","M","E","R","B",null,"M","?","?","M","M","E","M","R","T","M","M","M","E","M","R","B",null,"M","?","M","?","M","E","M","E","T","M","M","E","R","$","R","B","B",null,"R","$","E","B",null],"character_chosen":"THE_SILENT","basemod:card_modifiers":[null,null,null,null,null,null,null,null,null,null,null,null,null,null,null,null,null,null,null,null,null,null,null,null,null,null,null,null,null,null,null,null,null,null,null,null],"items_purchased":["Masterful Stab","LiquidMemories","Footwork","OrangePellets","Swift Potion","Calculated Gamble","PanicButton","Caltrops"],"campfire_rested":1,"item_purchase_floors":[4,4,4,48,48,54,54,54],"current_hp_per_floor":[57,62,62,62,62,46,46,46,46,45,45,34,34,33,33,31,61,60,60,54,52,49,49,44,44,44,44,36,36,31,24,24,1,54,54,54,54,44,32,35,36,40,40,40,44,63,63,63,63,55,13,57,71,71,71,32],"gold":38,"neow_bonus":"HUNDRED_GOLD","is_prod":false,"is_daily":false,"rewards_skipped":[{"floor":10,"relics":[],"potions":["SpeedPotion"]},{"floor":37,"relics":[],"potions":["Ancient Potion"]},{"floor":42,"relics":[],"potions":["Dexterity Potion"]},{"floor":44,"relics":[],"potions":["SkillPotion"]},{"floor":45,"relics":[],"potions":["FairyPotion"]}],"chose_seed":false,"campfire_upgraded":6,"win_rate":0,"floor_exit_playtime":[245,252,300,359,450,684,741,767,771,848,869,924,968,1026,1034,1216,1351,1453,1522,1540,1618,1740,1860,1968,1974,1980,2025,2100,2232,2411,2569,2588,3002,3052,3196,3200,3265,3389,3672,3794,3926,4035,4040,4142,4393,4805,4817,4915,4932,5428,7008,7021,7103,7217,7486,8055],"timestamp":1706591995,"blue_key_relic_skipped_log":{"floor":43,"relicID":"Pear"},"path_taken":["M","?","?","$","M","E","M","R","T","M","R","E","M","E","R","BOSS","M","?","?","M","M","E","M","R","T","M","M","?","E","M","R","BOSS","M","?","M","?","M","E","M","E","T","?","M","E","R","$","R","BOSS","BOSS","R","$","E","BOSS"],"build_version":"2022-12-01","purchased_purges":1,"victory":true,"max_hp_per_floor":[66,71,71,71,71,71,71,71,71,71,71,71,71,71,71,71,71,71,71,71,71,71,71,71,71,71,71,71,71,71,71,71,71,71,71,71,71,71,71,71,71,71,71,71,71,71,71,71,71,71,71,71,71,71,71,71],"relic_stats":{"counters":[33,180],"StoneCalendar":[222],"Pen Nib":[24],"Bag of Preparation":[18],"Whetstone":["Strike_G","Masterful Stab"],"War Paint":["Corpse Explosion","Concentrate"],"Ancient Tea Set":[4],"OrangePellets":[10],"Ornamental Fan":[4],"Pantograph":49,"Pandora\u0027s Box":["Dagger Spray","Adrenaline","Backstab","Blur","Distraction","Leg Sweep","Tools of the Trade","Dash","Calculated Gamble"],"Art of War":[19],"obtain_stats":[{"StoneCalendar":9,"Pen Nib":23,"Bag of Preparation":40,"Whetstone":30,"War Paint":42,"Ancient Tea Set":46,"OrangePellets":48,"HornCleat":12,"Ornamental Fan":55,"Pantograph":26,"Molten Egg 2":6,"Pandora\u0027s Box":34,"Art of War":14,"Ring of the Snake":0,"Runic Pyramid":17},{"StoneCalendar":4,"Pen Nib":13,"Bag of Preparation":24,"Whetstone":18,"War Paint":26,"Ancient Tea Set":29,"OrangePellets":29,"HornCleat":6,"Ornamental Fan":32,"Pantograph":14,"Molten Egg 2":3,"Pandora\u0027s Box":20,"Art of War":8,"Ring of the Snake":0,"Runic Pyramid":9},{"StoneCalendar":19,"Pen Nib":58,"Bag of Preparation":108,"Whetstone":75,"War Paint":113,"Ancient Tea Set":128,"OrangePellets":128,"HornCleat":25,"Ornamental Fan":171,"Pantograph":62,"Molten Egg 2":16,"Pandora\u0027s Box":93,"Art of War":31,"Ring of the Snake":0,"Runic Pyramid":38}],"Ring of the Snake":[66]},"card_choices":[{"not_picked":["PiercingWail","Sucker Punch"],"picked":"Dagger Throw","floor":1.0},{"not_picked":["Finisher","Accuracy"],"picked":"Slice","floor":5.0},{"not_picked":["Infinite Blades","Bullet Time"],"picked":"Well Laid Plans","floor":6.0},{"not_picked":["Underhanded Strike+1","Slice+1"],"picked":"Predator+1","floor":7.0},{"not_picked":["Masterful Stab+1","Endless Agony+1"],"picked":"Terror","floor":10.0},{"not_picked":["Slice+1","Accuracy"],"picked":"All Out Attack+1","floor":12.0},{"not_picked":["Deflect","Bouncing Flask","Crippling Poison"],"picked":"SKIP","floor":13.0},{"not_picked":["Deadly Poison","Bouncing Flask"],"picked":"Backstab+1","floor":14.0},{"not_picked":["A Thousand Cuts","Tools of the Trade"],"picked":"Wraith Form v2","floor":16.0},{"not_picked":["Skewer+1","Dagger Throw+1"],"picked":"Deflect","floor":18.0},{"not_picked":["Flechettes+1","Cloak And Dagger"],"picked":"Prepared","floor":21.0},{"not_picked":["Blade Dance","Underhanded Strike+1","Dagger Spray+1"],"picked":"SKIP","floor":22.0},{"not_picked":["Terror+1","Endless Agony+1"],"picked":"Escape Plan","floor":23.0},{"not_picked":["Underhanded Strike+1","Dagger Spray+1","Terror"],"picked":"SKIP","floor":24.0},{"not_picked":["Underhanded Strike+1","Dagger Spray+1","Terror"],"picked":"SKIP","floor":24.0},{"not_picked":["Poisoned Stab+1","Choke+1","Flechettes+1"],"picked":"SKIP","floor":27.0},{"not_picked":["Slice+1","Finisher+1","Dagger Spray+1"],"picked":"SKIP","floor":28.0},{"not_picked":["Infinite Blades","Prepared"],"picked":"Malaise","floor":29.0},{"not_picked":["Quick Slash+1","Cloak And Dagger"],"picked":"Escape Plan","floor":30.0},{"not_picked":["Blade Dance","Outmaneuver"],"picked":"Sucker Punch+1","floor":31.0},{"not_picked":["Burst","Wraith Form v2"],"picked":"Corpse Explosion","floor":33.0},{"not_picked":["Cloak And Dagger","Quick Slash+1","Flying Knee+1"],"picked":"SKIP","floor":35.0},{"not_picked":["Masterful Stab+1","Bane+1"],"picked":"Concentrate","floor":37.0},{"not_picked":["Finesse","Flash of Steel+1"],"picked":"Secret Weapon","floor":38.0},{"not_picked":["Flash of Steel+1","Blind"],"picked":"Bandage Up","floor":38.0},{"not_picked":["Impatience","Blind","Deep Breath"],"picked":"SKIP","floor":38.0},{"not_picked":["Finisher+1","Deflect+1","Underhanded Strike+1"],"picked":"SKIP","floor":39.0},{"not_picked":["Backstab+1","Dagger Throw+1","Eviscerate+1"],"picked":"SKIP","floor":40.0},{"not_picked":["Quick Slash+1","Deflect","Poisoned Stab+1"],"picked":"SKIP","floor":41.0},{"not_picked":["Noxious Fumes","Choke+1","Tools of the Trade"],"picked":"SKIP","floor":42.0},{"not_picked":["Dagger Throw+1","Deadly Poison"],"picked":"PiercingWail","floor":44.0},{"not_picked":["Cloak And Dagger+1","Outmaneuver","Dagger Spray+1"],"picked":"SKIP","floor":45.0},{"not_picked":["Dodge and Roll","Slice+1","Sucker Punch+1"],"picked":"SKIP","floor":46.0},{"not_picked":["Skewer+1","Predator+1"],"picked":"Flechettes+1","floor":55.0}],"player_experience":146221,"relics_obtained":[{"floor":6.0,"key":"Molten Egg 2"},{"floor":9.0,"key":"StoneCalendar"},{"floor":12.0,"key":"HornCleat"},{"floor":14.0,"key":"Art of War"},{"floor":23.0,"key":"Pen Nib"},{"floor":26.0,"key":"Pantograph"},{"floor":30.0,"key":"Whetstone"},{"floor":40.0,"key":"Bag of Preparation"},{"floor":42.0,"key":"War Paint"},{"floor":46.0,"key":"Ancient Tea Set"},{"floor":55.0,"key":"Ornamental Fan"}],"event_choices":[{"damage_healed":0.0,"max_hp_gain":5.0,"max_hp_loss":0.0,"gold_gain":0.0,"event_name":"Big Fish","player_choice":"Donut","floor":2.0,"gold_loss":0.0,"damage_taken":0.0},{"cards_removed":["Defend_G"],"damage_healed":0.0,"max_hp_gain":0.0,"max_hp_loss":0.0,"gold_gain":0.0,"event_name":"Wheel of Change","player_choice":"Card Removal","floor":3.0,"gold_loss":0.0,"damage_taken":0.0},{"cards_removed":["Well Laid Plans"],"damage_healed":0.0,"max_hp_gain":0.0,"max_hp_loss":0.0,"gold_gain":0.0,"event_name":"Beggar","player_choice":"Gave Gold","floor":19.0,"gold_loss":75.0,"damage_taken":0.0},{"damage_healed":0.0,"max_hp_gain":0.0,"max_hp_loss":0.0,"gold_gain":0.0,"event_name":"Nest","player_choice":"Joined the Cult","floor":20.0,"gold_loss":0.0,"damage_taken":6.0,"cards_obtained":["RitualDagger"]},{"damage_healed":0.0,"max_hp_gain":0.0,"max_hp_loss":0.0,"gold_gain":0.0,"event_name":"Tomb of Lord Red Mask","player_choice":"Ignored","floor":36.0,"gold_loss":0.0,"damage_taken":0.0},{"damage_healed":0.0,"max_hp_gain":0.0,"max_hp_loss":0.0,"gold_gain":0.0,"event_name":"SensoryStone","player_choice":"Memory 3","floor":38.0,"gold_loss":0.0,"damage_taken":10.0}],"is_beta":false,"boss_relics":[{"not_picked":["Runic Dome","SacredBark"],"picked":"Runic Pyramid"},{"not_picked":["Busted Crown","Calling Bell"],"picked":"Pandora\u0027s Box"}],"items_purged_floors":[48],"is_endless":false,"potions_floor_spawned":[5,7,10,18,27,28,33,37,42,44,45,55],"ascension_level":20,"potion_discard_per_floor":[[],[],[],[],[],[],[],[],[],[],[],[],[],[],[],[],[],[],[],[],[],[],[],[],[],[],[],[],[],[],[],[],[],[],[],[],[],[],[],[],[],[],[],[],[],[],[],[],[],[],[],[],[],[],[],[],[]]}