{"neow_bonuses_skipped_log":["REMOVE_CARD","THREE_SMALL_POTIONS","BOSS_RELIC"],"potions_obtained_entropic_brew":[[],[],[],[],[],[],[],[],[],[],[],[],[]],"neow_costs_skipped_log":["NONE","NONE","NONE"],"gold_per_floor":[112,125,139,58,58,58,58,58,58,99,113,128,128],"floor_reached":13,"playtime":960,"items_purged":[],"score":170,"play_id":"53c792c5-16c8-4910-ad67-1122e1d27bec","local_time":"20240203003804","score_breakdown":["Floors Climbed (13): 65","Enemies Slain (5): 10","Exordium Elites Killed (1): 10","Bosses Slain (0): 0","Ascension (20): 85"],"is_ascension_mode":true,"potions_obtained_alchemize":[[],[],[],[],[],[],[],[],[],[],[],[],[]],"campfire_choices":[{"data":"Envenom","floor":6,"key":"SMITH"},{"data":"Bane","floor":8,"key":"SMITH"}],"lesson_learned_per_floor":[[],[],[],[],[],[],[],[],[],[],[],[],[]],"neow_cost":"TEN_PERCENT_HP_LOSS","improvable_cards":{},"seed_source_timestamp":205126921883542,"shop_contents":[{"floor":4,"relics":["Pen Nib","Bag of Marbles","Orrery"],"cards":["All Out Attack","Backstab","Setup","Noxious Fumes","Impatience","Apotheosis"],"potions":["Energy Potion","DuplicationPotion"]}],"circlet_count":0,"master_deck":["AscendersBane","Strike_G","Strike_G","Strike_G","Strike_G","Strike_G","Defend_G","Defend_G","Survivor","Neutralize","Envenom+1","Poisoned Stab","Bane+1","Backflip","Infinite Blades","PiercingWail","Bouncing Flask","Dash"],"potion_use_per_floor":[[],[],[],[],[],[],[],[],[],["Poison Potion"],[],["FearPotion"],["PowerPotion"]],"relics":["Ring of the Snake","Golden Idol","Peace Pipe","InkBottle"],"potions_floor_usage":[10,12,13],"damage_taken":[{"damage":1,"enemies":"2 Louse","floor":1,"turns":3},{"damage":7,"enemies":"Small Slimes","floor":2,"turns":3},{"damage":0,"enemies":"Jaw Worm","floor":3,"turns":4},{"damage":31,"enemies":"Gremlin Nob","floor":10,"turns":4},{"damage":4,"enemies":"2 Fungi Beasts","floor":11,"turns":4},{"damage":0,"enemies":"Blue Slaver","floor":12,"turns":2},{"damage":17,"enemies":"3 Sentries","floor":13,"turns":6}],"seed_played":"-5586309476683887016","neow_bonus_log":{"cardsObtained":["Envenom","Poisoned Stab"],"cardsUpgraded":[],"cardsRemoved":[],"cardsTransformed":["Defend_G","Defend_G"],"relicsObtained":[],"maxHpGained":0,"goldGained":0,"damageTaken":0,"goldLost":0,"maxHpLost":6},"potions_obtained":[{"floor":10,"key":"FearPotion"},{"floor":11,"key":"PowerPotion"}],"is_trial":false,"path_per_floor":["M","M","M","$","?","R","?","R","T","E","M","M","E"],"character_chosen":"THE_SILENT","basemod:card_modifiers":[null,null,null,null,null,null,null,null,null,null,null,null,null,null,null,null,null,null],"items_purchased":["Poison Potion","PiercingWail"],"campfire_rested":0,"item_purchase_floors":[4,4],"current_hp_per_floor":[58,51,51,51,51,51,51,51,51,20,16,16,0],"gold":128,"neow_bonus":"TRANSFORM_TWO_CARDS","is_prod":false,"is_daily":false,"rewards_skipped":[],"chose_seed":false,"campfire_upgraded":2,"win_rate":0,"floor_exit_playtime":[252,306,383,467,510,530,537,563,569,644,715,804],"timestamp":1706938684,"path_taken":["M","M","M","$","?","R","?","R","T","E","M","M","E"],"build_version":"2022-12-01","purchased_purges":0,"victory":false,"max_hp_per_floor":[60,60,60,60,60,60,54,54,54,54,54,54,54],"relic_stats":{"Peace Pipe":0,"counters":[7,26],"Golden Idol":14,"obtain_stats":[{"Peace Pipe":9,"Golden Idol":7,"InkBottle":10,"Ring of the Snake":0},{"Peace Pipe":3,"Golden Idol":3,"InkBottle":4,"Ring of the Snake":0},{"Peace Pipe":10,"Golden Idol":10,"InkBottle":14,"Ring of the Snake":0}],"InkBottle":[3],"Ring of the Snake":[14]},"card_choices":[{"not_picked":["Sucker Punch","Backflip"],"picked":"Bane","floor":1},{"not_picked":["Slice","Acrobatics"],"picked":"Backflip","floor":2},{"not_picked":["Footwork","Slice"],"picked":"Infinite Blades","floor":3},{"not_picked":["Deflect","Backflip","Quick Slash"],"picked":"SKIP","floor":10},{"not_picked":["Deflect","Sucker Punch"],"picked":"Bouncing Flask","floor":11},{"not_picked":["Calculated Gamble","Outmaneuver"],"picked":"Dash","floor":12}],"player_experience":177434,"relics_obtained":[{"floor":9,"key":"Peace Pipe"},{"floor":10,"key":"InkBottle"}],"event_choices":[{"cards_removed":["Defend_G"],"damage_healed":0,"gold_gain":0,"player_choice":"Offered Basic","damage_taken":0,"max_hp_gain":0,"max_hp_loss":0,"event_name":"Bonfire Elementals","floor":5,"gold_loss":0},{"damage_healed":0,"gold_gain":0,"player_choice":"Lose Max HP","damage_taken":0,"relics_obtained":["Golden Idol"],"max_hp_gain":0,"max_hp_loss":6,"event_name":"Golden Idol","floor":7,"gold_loss":0}],"is_beta":false,"boss_relics":[],"items_purged_floors":[],"is_endless":false,"potions_floor_spawned":[10,11],"killed_by":"3 Sentries","ascension_level":20,"potion_discard_per_floor":[[],[],[],[],[],[],[],[],[],[],[],[],[]]}