{"neow_bonuses_skipped_log":["UPGRADE_CARD","RANDOM_COLORLESS_2","BOSS_RELIC"],"potions_obtained_entropic_brew":[[],[],[],[],[],[],[],[],[],[],[],[],[],[],[],[],[],[],[],[],[],[],[],[],[],[],[],[],[],[],[],[],[],[],[],[],[],[],[],[],["LiquidMemories","CunningPotion"],[],[],[],[],[],[],[],[],[]],"neow_costs_skipped_log":["NONE","CURSE","NONE"],"gold_per_floor":[212,6,0,16,36,36,65,80,105,122,37,57,57,87,87,158,158,176,190,203,93,18,18,53,53,78,52,52,152,163,88,88,163,163,182,532,557,136,136,136,161,161,161,161,173,202,214,8,8,8],"floor_reached":50,"playtime":7374,"items_purged":["Sucker Punch","Dagger Spray+1"],"score":1127,"play_id":"9e30a9e8-4bdb-4812-aaf8-d8bd2b5a1823","local_time":"20240206115113","score_breakdown":["Floors Climbed (50): 250","Enemies Slain (13): 26","Exordium Elites Killed (2): 20","City Elites Killed (1): 20","Beyond Elites Killed (2): 60","Bosses Slain (2): 150","Money Money (1196): 25","Champion (1): 25","Ascension (20): 551"],"is_ascension_mode":true,"potions_obtained_alchemize":[[],[],[],[],[],[],[],[],[],[],[],[],[],[],[],[],[],[],[],[],[],[],[],[],[],[],[],[],[],[],[],[],[],[],[],[],[],[],[],[],[],[],[],[],[],[],["Ancient Potion"],[],[],["CultistPotion"]],"campfire_choices":[{"data":"Skewer","floor":6.0,"key":"SMITH"},{"floor":13.0,"key":"REST"},{"data":"Dagger Spray","floor":15.0,"key":"SMITH"},{"data":"Wraith Form v2","floor":23.0,"key":"SMITH"},{"data":"Catalyst","floor":25.0,"key":"SMITH"},{"data":"Well Laid Plans","floor":32.0,"key":"SMITH"},{"floor":40.0,"key":"RECALL"},{"data":"Malaise","floor":42.0,"key":"SMITH"},{"data":"Phantasmal Killer","floor":44.0,"key":"SMITH"},{"data":"Concentrate","floor":49,"key":"SMITH"}],"lesson_learned_per_floor":[[],[],[],[],[],[],[],[],[],[],[],[],[],[],[],[],[],[],[],[],[],[],[],[],[],[],[],[],[],[],[],[],[],[],[],[],[],[],[],[],[],[],[],[],[],[],[],[],[],[]],"neow_cost":"NONE","improvable_cards":{},"seed_source_timestamp":0,"shop_contents":[{"floor":2,"relics":["Toy Ornithopter","Lee\u0027s Waffle"],"cards":["Flechettes","Backflip","Reflex","Footwork","Deep Breath","Thinking Ahead"],"potions":["Poison Potion","DuplicationPotion","SmokeBomb"]},{"floor":11,"relics":["Incense Burner","Oddly Smooth Stone","Orrery"],"cards":["Dagger Throw","Heel Hook","Crippling Poison","Cloak And Dagger","Well Laid Plans","Bandage Up","Master of Strategy"],"potions":["DistilledChaos","Block Potion"]},{"floor":27,"relics":["Anchor","Kunai","TheAbacus"],"cards":["Endless Agony+1","Adrenaline","Reflex","Noxious Fumes","Deep Breath","Violence"],"potions":["Regen Potion","SteroidPotion","Poison Potion"]},{"floor":31,"relics":["Mummified Hand","Pear","Cauldron"],"cards":["All Out Attack+1","Poisoned Stab+1","Cloak And Dagger","Blur","Infinite Blades","Enlightenment","HandOfGreed+1"],"potions":["Poison Potion","BlessingOfTheForge","GamblersBrew"]},{"floor":38,"relics":["Singing Bowl","Bottled Flame"],"cards":["Slice+1","Dagger Spray+1","Deadly Poison","Accuracy","Thinking Ahead"],"potions":["DistilledChaos","Swift Potion","SpeedPotion"]},{"floor":48,"relics":["StrikeDummy","Dream Catcher"],"cards":["Bane+1","Heel Hook+1","Deflect","Infinite Blades","Trip","Thinking Ahead"],"potions":["Explosive Potion","DuplicationPotion","Block Potion"]}],"circlet_count":0,"master_deck":["AscendersBane","Survivor","Neutralize","Skewer+1","Acrobatics","Backstab+1","Wraith Form v2+1","Choke","Blade Dance","After Image+1","Phantasmal Killer+1","Die Die Die","Catalyst+1","Cloak And Dagger","Corpse Explosion","Terror","Deadly Poison","Sucker Punch+1","Well Laid Plans+1","Malaise+1","After Image","PiercingWail","PiercingWail","Purity","PiercingWail","Concentrate+1","Venomology","Blur"],"special_seed":0,"potion_use_per_floor":[[],[],[],[],[],[],["DuplicationPotion"],[],[],[],[],[],[],["Regen Potion"],[],["Fire Potion"],[],["EssenceOfSteel"],[],[],[],[],[],["Energy Potion","Block Potion"],[],[],[],[],[],[],[],[],[],[],[],["DistilledChaos"],[],[],[],[],["DistilledChaos","EntropicBrew","CunningPotion"],[],[],[],[],[],["SkillPotion"],[],[],["Ancient Potion","CultistPotion","LiquidMemories"]],"relics":["Ring of the Snake","Lantern","Matryoshka","Mercury Hourglass","Happy Flower","Eternal Feather","Pandora\u0027s Box","Ninja Scroll","Molten Egg 2","Unceasing Top","Bottled Tornado","Runic Pyramid","Old Coin","Shovel","ClockworkSouvenir","Shuriken","Bag of Marbles","Juzu Bracelet","Frozen Eye"],"potions_floor_usage":[47,50,50,50],"damage_taken":[{"damage":3.0,"enemies":"Jaw Worm","floor":1.0,"turns":4.0},{"damage":1.0,"enemies":"Cultist","floor":4.0,"turns":4.0},{"damage":1.0,"enemies":"Small Slimes","floor":5.0,"turns":3.0},{"damage":33.0,"enemies":"Lagavulin","floor":7.0,"turns":7.0},{"damage":4.0,"enemies":"Red Slaver","floor":8.0,"turns":3.0},{"damage":7.0,"enemies":"Exordium Wildlife","floor":10.0,"turns":3.0},{"damage":3.0,"enemies":"Looter","floor":12.0,"turns":3.0},{"damage":8.0,"enemies":"Gremlin Nob","floor":14.0,"turns":3.0},{"damage":13.0,"enemies":"Slime Boss","floor":16.0,"turns":5.0},{"damage":0.0,"enemies":"2 Thieves","floor":18.0,"turns":2.0},{"damage":0.0,"enemies":"Spheric Guardian","floor":19.0,"turns":2.0},{"damage":30.0,"enemies":"Cultist and Chosen","floor":20.0,"turns":5.0},{"damage":0.0,"enemies":"Book of Stabbing","floor":24.0,"turns":5.0},{"damage":0.0,"enemies":"Colosseum Slavers","floor":29.0,"turns":2.0},{"damage":3.0,"enemies":"Colosseum Nobs","floor":29.0,"turns":5.0},{"damage":6.0,"enemies":"Snake Plant","floor":30.0,"turns":3.0},{"damage":32.0,"enemies":"Collector","floor":33.0,"turns":7.0},{"damage":0.0,"enemies":"3 Darklings","floor":35.0,"turns":4.0},{"damage":2.0,"enemies":"2 Orb Walkers","floor":36.0,"turns":2.0},{"damage":0.0,"enemies":"Mind Bloom Boss Battle","floor":37.0,"turns":8.0},{"damage":2.0,"enemies":"Reptomancer","floor":41.0,"turns":6.0},{"damage":0.0,"enemies":"3 Shapes","floor":45.0,"turns":5.0},{"damage":5,"enemies":"Nemesis","floor":46,"turns":7},{"damage":0,"enemies":"Transient","floor":47,"turns":6},{"damage":71,"enemies":"Time Eater","floor":50,"turns":14}],"green_key_taken_log":46,"seed_played":"-8876889901137604412","neow_bonus_log":{"cardsObtained":[],"cardsUpgraded":[],"cardsRemoved":[],"cardsTransformed":[],"relicsObtained":[],"maxHpGained":0,"goldGained":100,"damageTaken":0,"goldLost":0,"maxHpLost":0},"potions_obtained":[{"floor":4.0,"key":"DuplicationPotion"},{"floor":7.0,"key":"Weak Potion"},{"floor":10.0,"key":"Fire Potion"},{"floor":14.0,"key":"EssenceOfSteel"},{"floor":16.0,"key":"Energy Potion"},{"floor":20.0,"key":"Block Potion"},{"floor":29.0,"key":"DistilledChaos"},{"floor":30.0,"key":"LiquidBronze"},{"floor":35.0,"key":"DistilledChaos"},{"floor":37.0,"key":"EntropicBrew"},{"floor":45.0,"key":"SkillPotion"}],"is_trial":false,"path_per_floor":["M","$","?","M","M","R","E","M","T","M","$","M","R","E","R","B",null,"M","M","M","?","?","R","E","R","T","$","?","?","M","$","R","B",null,"M","?","?","$","?","R","E","R","T","R","M","E","M","$","R","B"],"character_chosen":"THE_SILENT","basemod:card_modifiers":[null,null,null,null,null,null,null,null,null,null,null,null,null,null,null,null,null,null,null,null,null,null,null,null,null,null,null,null],"items_purchased":["Riddle With Holes","Lantern","Regen Potion","Sucker Punch+1","ClockworkSouvenir","Purity","PiercingWail","Blur","Frozen Eye"],"campfire_rested":1,"item_purchase_floors":[2,2,11,27,38,38,38,48,48],"current_hp_per_floor":[56,56,56,55,54,54,21,17,17,10,10,7,26,27,36,23,55,55,55,25,25,25,34,34,46,46,46,46,43,37,37,49,17,54,54,52,52,52,52,66,64,66,66,66,66,61,61,61,66,0],"gold":8,"neow_bonus":"HUNDRED_GOLD","is_prod":false,"is_daily":false,"rewards_skipped":[{"floor":33,"relics":[],"potions":["ColorlessPotion"]}],"chose_seed":false,"campfire_upgraded":8,"win_rate":0,"floor_exit_playtime":[146,177,184,231,2516,2523,3493,3527,3531,3578,3605,3648,3652,3693,3741,3839,3897,4000,4055,4163,4199,4220,4240,4374,4392,4403,4444,4461,4666,4743,4783,4793,5120,5202,5284,5378,5553,5737,5769,5778,6038,6056,6059,6083,6197,6390,6586,6608,6615],"timestamp":1707238273,"blue_key_relic_skipped_log":{"floor":26,"relicID":"CeramicFish"},"path_taken":["M","$","?","M","M","R","E","M","T","M","$","M","R","E","R","BOSS","M","M","M","?","?","R","E","R","T","$","?","?","?","?","R","BOSS","M","?","?","$","?","R","E","R","T","R","M","E","M","?","R","BOSS"],"build_version":"2022-12-01","purchased_purges":2,"victory":false,"max_hp_per_floor":[66,66,66,66,66,66,66,66,66,66,66,66,66,66,66,66,66,66,66,66,66,66,66,66,66,66,66,66,66,66,66,66,66,66,66,66,66,66,66,66,66,66,66,66,66,66,66,66,66,66],"relic_stats":{"Happy Flower":[32],"counters":[25,118],"Eternal Feather":63,"Juzu Bracelet":0,"Bottled Tornado":"Well Laid Plans","Mercury Hourglass":[363],"Frozen Eye":105.70642,"Matryoshka":2,"Shovel":0,"Shuriken":[13],"Pandora\u0027s Box":["Choke","Sucker Punch","Blade Dance","After Image","Phantasmal Killer","Die Die Die","Catalyst","Cloak And Dagger","Corpse Explosion","Sucker Punch"],"obtain_stats":[{"Lantern":2,"Happy Flower":9,"Eternal Feather":14,"Juzu Bracelet":46,"Bottled Tornado":29,"Mercury Hourglass":9,"Old Coin":36,"ClockworkSouvenir":38,"Frozen Eye":48,"Matryoshka":7,"Shovel":37,"Ninja Scroll":24,"Shuriken":41,"Pandora\u0027s Box":17,"Molten Egg 2":26,"Bag of Marbles":43,"Unceasing Top":29,"Ring of the Snake":0,"Runic Pyramid":34},{"Lantern":1,"Happy Flower":5,"Eternal Feather":8,"Juzu Bracelet":23,"Bottled Tornado":15,"Mercury Hourglass":5,"Old Coin":19,"ClockworkSouvenir":20,"Frozen Eye":24,"Matryoshka":4,"Shovel":20,"Ninja Scroll":13,"Shuriken":21,"Pandora\u0027s Box":9,"Molten Egg 2":13,"Bag of Marbles":21,"Unceasing Top":15,"Ring of the Snake":0,"Runic Pyramid":17},{"Lantern":4,"Happy Flower":21,"Eternal Feather":30,"Juzu Bracelet":98,"Bottled Tornado":56,"Mercury Hourglass":21,"Old Coin":72,"ClockworkSouvenir":80,"Frozen Eye":104,"Matryoshka":18,"Shovel":80,"Ninja Scroll":49,"Shuriken":86,"Pandora\u0027s Box":35,"Molten Egg 2":49,"Bag of Marbles":86,"Unceasing Top":56,"Ring of the Snake":0,"Runic Pyramid":66}],"Unceasing Top":[1],"Ring of the Snake":[50]},"card_choices":[{"not_picked":["Sucker Punch","Quick Slash"],"picked":"Dagger Spray","floor":1.0},{"not_picked":["Riddle With Holes","Reflex"],"picked":"Skewer","floor":4.0},{"not_picked":["PiercingWail","Deflect","Poisoned Stab"],"picked":"SKIP","floor":5.0},{"not_picked":["Crippling Poison","Burst"],"picked":"All Out Attack","floor":7.0},{"not_picked":["Dagger Throw","Sucker Punch","Deadly Poison"],"picked":"SKIP","floor":8.0},{"not_picked":["Outmaneuver","Prepared"],"picked":"Acrobatics","floor":10.0},{"not_picked":["Cloak And Dagger","Endless Agony","Prepared"],"picked":"SKIP","floor":12.0},{"not_picked":["Bane","Heel Hook"],"picked":"Backstab","floor":14.0},{"not_picked":["Grand Finale","Night Terror"],"picked":"Wraith Form v2","floor":16.0},{"not_picked":["Outmaneuver+1","Underhanded Strike"],"picked":"Terror","floor":18.0},{"not_picked":["Prepared","Flying Knee","Underhanded Strike"],"picked":"SKIP","floor":19.0},{"not_picked":["Concentrate","Choke","Slice"],"picked":"SKIP","floor":20.0},{"not_picked":["Dodge and Roll","Skewer"],"picked":"Deadly Poison","floor":24.0},{"not_picked":["Cloak And Dagger","Masterful Stab+1"],"picked":"Well Laid Plans","floor":29.0},{"not_picked":["Setup","Skewer+1"],"picked":"Malaise","floor":30.0},{"not_picked":["Tools of the Trade","Wraith Form v2"],"picked":"After Image","floor":33.0},{"not_picked":["Prepared","Predator+1"],"picked":"PiercingWail","floor":35.0},{"not_picked":["Deflect","Bane+1"],"picked":"PiercingWail","floor":36.0},{"not_picked":["Bouncing Flask","Quick Slash+1","Skewer+1"],"picked":"SKIP","floor":37.0},{"not_picked":["Bane+1","PiercingWail","Crippling Poison"],"picked":"SKIP","floor":41.0},{"not_picked":["Acrobatics","Crippling Poison+1"],"picked":"Concentrate","floor":45.0},{"not_picked":["Setup","Prepared"],"picked":"Venomology","floor":46},{"not_picked":["Expertise","Dagger Spray+1","Sucker Punch+1"],"picked":"SKIP","floor":47}],"player_experience":183001,"relics_obtained":[{"floor":7.0,"key":"Matryoshka"},{"floor":9.0,"key":"Mercury Hourglass"},{"floor":9.0,"key":"Happy Flower"},{"floor":14.0,"key":"Eternal Feather"},{"floor":24.0,"key":"Ninja Scroll"},{"floor":26.0,"key":"Molten Egg 2"},{"floor":29.0,"key":"Unceasing Top"},{"floor":29.0,"key":"Bottled Tornado"},{"floor":36.0,"key":"Old Coin"},{"floor":37.0,"key":"Shovel"},{"floor":41.0,"key":"Shuriken"},{"floor":43.0,"key":"Bag of Marbles"},{"floor":46,"key":"Juzu Bracelet"}],"event_choices":[{"damage_healed":0.0,"max_hp_gain":0.0,"max_hp_loss":0.0,"gold_gain":0.0,"event_name":"World of Goop","player_choice":"Left Gold","floor":3.0,"gold_loss":6.0,"damage_taken":0.0},{"cards_removed":["Sucker Punch"],"damage_healed":0.0,"max_hp_gain":0.0,"max_hp_loss":0.0,"gold_gain":0.0,"event_name":"Designer","player_choice":"Upgrade and Remove","floor":21.0,"gold_loss":110.0,"damage_taken":0.0,"cards_upgraded":["Backstab"]},{"cards_removed":["Riddle With Holes"],"damage_healed":0.0,"max_hp_gain":0.0,"max_hp_loss":0.0,"gold_gain":0.0,"event_name":"Beggar","player_choice":"Gave Gold","floor":22.0,"gold_loss":75.0,"damage_taken":0.0},{"cards_removed":["All Out Attack"],"damage_healed":0.0,"max_hp_gain":0.0,"max_hp_loss":0.0,"gold_gain":0.0,"event_name":"Back to Basics","player_choice":"Elegance","floor":28.0,"gold_loss":0.0,"damage_taken":0.0},{"damage_healed":0.0,"max_hp_gain":0.0,"max_hp_loss":0.0,"gold_gain":0.0,"event_name":"Colosseum","player_choice":"Fight","floor":29.0,"gold_loss":0.0,"damage_taken":0.0},{"damage_healed":0.0,"max_hp_gain":0.0,"max_hp_loss":0.0,"gold_gain":0.0,"event_name":"Colosseum","player_choice":"Fought Nobs","floor":29.0,"gold_loss":0.0,"damage_taken":0.0},{"damage_healed":0.0,"max_hp_gain":0.0,"max_hp_loss":0.0,"gold_gain":0.0,"event_name":"Mysterious Sphere","player_choice":"Fight","floor":36.0,"gold_loss":0.0,"damage_taken":0.0},{"damage_healed":0.0,"max_hp_gain":0.0,"max_hp_loss":0.0,"gold_gain":0.0,"event_name":"MindBloom","player_choice":"Fight","floor":37.0,"gold_loss":0.0,"damage_taken":0.0},{"damage_healed":0.0,"max_hp_gain":0.0,"max_hp_loss":0.0,"gold_gain":0.0,"event_name":"Upgrade Shrine","player_choice":"Upgraded","floor":39.0,"gold_loss":0.0,"damage_taken":0.0,"cards_upgraded":["After Image"]}],"is_beta":false,"boss_relics":[{"not_picked":["Sozu","Philosopher\u0027s Stone"],"picked":"Pandora\u0027s Box"},{"not_picked":["Tiny House","Calling Bell"],"picked":"Runic Pyramid"}],"items_purged_floors":[31,38],"is_endless":false,"potions_floor_spawned":[4,7,10,14,16,20,29,29,30,33,35,37,45],"killed_by":"Time Eater","ascension_level":20,"potion_discard_per_floor":[[],[],[],[],[],[],[],[],[],[],["Weak Potion"],[],[],[],[],[],[],[],[],[],[],[],[],[],[],[],[],[],[],[],[],[],[],[],["LiquidBronze"],[],[],[],[],[],[],[],[],[],[],[],[],[],[],[]]}