{"neow_bonuses_skipped_log":["ONE_RANDOM_RARE_CARD","THREE_SMALL_POTIONS","BOSS_RELIC"],"neow_costs_skipped_log":["NONE","NONE","NONE"],"potions_obtained_entropic_brew":[[],[],[],[],[],[],[],[],[],[],[],[],[],[],[],[],[],[],[]],"gold_per_floor":[359,378,378,20,20,20,33,58,135,135,60,70,70,83,83,161,161,181,181],"floor_reached":19,"playtime":1452,"items_purged":[],"score":334,"play_id":"a7605e85-ced0-4de1-9893-ef03ccc42734","local_time":"20240205000053","score_breakdown":["Floors Climbed (19): 95","Enemies Slain (6): 12","Exordium Elites Killed (1): 10","City Elites Killed (0): 0","Bosses Slain (1): 50","Ascension (20): 167"],"is_ascension_mode":true,"potions_obtained_alchemize":[[],[],[],[],[],[],[],[],[],[],[],[],[],[],[],[],[],[],[]],"campfire_choices":[{"data":"All Out Attack","floor":6.0,"key":"SMITH"},{"data":"Terror","floor":10.0,"key":"SMITH"},{"floor":13.0,"key":"REST"},{"data":"Noxious Fumes","floor":15.0,"key":"SMITH"}],"lesson_learned_per_floor":[[],[],[],[],[],[],[],[],[],[],[],[],[],[],[],[],[],[],[]],"neow_cost":"CURSE","improvable_cards":{},"seed_source_timestamp":26229552099000,"shop_contents":[{"floor":4,"relics":["CeramicFish","Molten Egg 2"],"cards":["Underhanded Strike","Finisher","Concentrate","Forethought","Transmutation"],"potions":["Dexterity Potion","SpeedPotion"]}],"circlet_count":0,"master_deck":["AscendersBane","Strike_G","Strike_G","Strike_G","Strike_G","Strike_G","Defend_G","Defend_G","Defend_G","Defend_G","Survivor","Neutralize","Terror+1","All Out Attack+1","Noxious Fumes+1","Prepared","Well Laid Plans","Acrobatics","Quick Slash","Wraith Form v2"],"special_seed":0,"potion_use_per_floor":[[],[],[],[],[],[],[],["AttackPotion"],[],[],[],["Fire Potion"],[],[],[],["Regen Potion"],[],["DuplicationPotion"],[]],"relics":["Ring of the Snake","Bag of Marbles","OrangePellets","Ancient Tea Set","Darkstone Periapt","Runic Pyramid"],"potions_floor_usage":[18],"damage_taken":[{"damage":6.0,"enemies":"Cultist","floor":1.0,"turns":6.0},{"damage":0.0,"enemies":"2 Louse","floor":2.0,"turns":5.0},{"damage":4.0,"enemies":"Jaw Worm","floor":7.0,"turns":2.0},{"damage":6.0,"enemies":"Lagavulin","floor":8.0,"turns":7.0},{"damage":26.0,"enemies":"Large Slime","floor":12.0,"turns":5.0},{"damage":1.0,"enemies":"Red Slaver","floor":14.0,"turns":2.0},{"damage":35.0,"enemies":"Slime Boss","floor":16.0,"turns":9.0},{"damage":11,"enemies":"2 Thieves","floor":18,"turns":2},{"damage":40,"enemies":"3 Byrds","floor":19,"turns":4}],"seed_played":"-6842987491362199839","neow_bonus_log":{"cardsObtained":["Injury"],"cardsUpgraded":[],"cardsRemoved":[],"cardsTransformed":[],"relicsObtained":[],"maxHpGained":0,"goldGained":250,"damageTaken":0,"goldLost":0,"maxHpLost":0},"potions_obtained":[{"floor":1.0,"key":"AttackPotion"},{"floor":14.0,"key":"Regen Potion"},{"floor":16.0,"key":"DuplicationPotion"}],"is_trial":false,"path_per_floor":["M","M","?","$","?","R","M","E","T","R","?","M","R","M","R","B",null,"M","M"],"character_chosen":"THE_SILENT","basemod:card_modifiers":[null,null,null,null,null,null,null,null,null,null,null,null,null,null,null,null,null,null,null,null],"items_purchased":["OrangePellets","Noxious Fumes","Fire Potion","Prepared"],"campfire_rested":1,"item_purchase_floors":[4,4,4,4],"current_hp_per_floor":[53,53,48,48,41,41,37,31,31,31,31,5,24,23,23,3,50,39,0],"gold":181,"neow_bonus":"TWO_FIFTY_GOLD","is_prod":false,"is_daily":false,"rewards_skipped":[],"chose_seed":false,"campfire_upgraded":3,"win_rate":0,"floor_exit_playtime":[252,303,312,383,400,407,458,668,686,699,716,854,865,922,957,1185,1237,1310],"timestamp":1707109253,"path_taken":["M","M","?","?","?","R","M","E","T","R","?","?","R","M","R","BOSS","M","M"],"build_version":"2022-12-01","purchased_purges":0,"victory":false,"max_hp_per_floor":[66,66,66,66,66,66,66,66,66,66,66,66,66,66,66,66,66,66,66],"relic_stats":{"Darkstone Periapt":0,"OrangePellets":[5],"counters":[9,42],"Ancient Tea Set":[6],"obtain_stats":[{"Darkstone Periapt":9,"OrangePellets":4,"Bag of Marbles":3,"Ancient Tea Set":8,"Ring of the Snake":0,"Runic Pyramid":17},{"Darkstone Periapt":4,"OrangePellets":2,"Bag of Marbles":2,"Ancient Tea Set":4,"Ring of the Snake":0,"Runic Pyramid":7},{"Darkstone Periapt":20,"OrangePellets":11,"Bag of Marbles":11,"Ancient Tea Set":20,"Ring of the Snake":0,"Runic Pyramid":36}],"Ring of the Snake":[18]},"card_choices":[{"not_picked":["Blur","Noxious Fumes"],"picked":"Terror","floor":1.0},{"not_picked":["Outmaneuver","Acrobatics"],"picked":"All Out Attack","floor":2.0},{"not_picked":["Bane","Heel Hook","Sucker Punch"],"picked":"SKIP","floor":7.0},{"not_picked":["Bouncing Flask","Crippling Poison"],"picked":"Well Laid Plans","floor":8.0},{"not_picked":["All Out Attack","Cloak And Dagger"],"picked":"Acrobatics","floor":12.0},{"not_picked":["Slice","Masterful Stab"],"picked":"Quick Slash","floor":14.0},{"not_picked":["A Thousand Cuts","Bullet Time"],"picked":"Wraith Form v2","floor":16.0},{"not_picked":["Masterful Stab+1","Underhanded Strike","Choke"],"picked":"SKIP","floor":18}],"player_experience":195491,"relics_obtained":[{"floor":8.0,"key":"Ancient Tea Set"},{"floor":9.0,"key":"Darkstone Periapt"}],"event_choices":[{"damage_healed":0.0,"max_hp_gain":0.0,"max_hp_loss":0.0,"gold_gain":0.0,"event_name":"Scrap Ooze","player_choice":"Success","floor":3.0,"gold_loss":0.0,"damage_taken":5.0,"relics_obtained":["Bag of Marbles"]},{"cards_removed":["Injury"],"damage_healed":0.0,"max_hp_gain":0.0,"max_hp_loss":0.0,"gold_gain":0.0,"event_name":"Golden Wing","player_choice":"Card Removal","floor":5.0,"gold_loss":0.0,"damage_taken":7.0},{"cards_removed":["Defend_G"],"damage_healed":0.0,"max_hp_gain":0.0,"max_hp_loss":0.0,"gold_gain":0.0,"event_name":"The Cleric","player_choice":"Card Removal","floor":11.0,"gold_loss":75.0,"damage_taken":0.0}],"is_beta":false,"boss_relics":[{"not_picked":["SacredBark","WristBlade"],"picked":"Runic Pyramid"}],"items_purged_floors":[],"is_endless":false,"potions_floor_spawned":[1,14,16],"killed_by":"3 Byrds","ascension_level":20,"potion_discard_per_floor":[[],[],[],[],[],[],[],[],[],[],[],[],[],[],[],[],[],[],[]]}