{"neow_bonuses_skipped_log":["HUNDRED_GOLD","RANDOM_COLORLESS_2","BOSS_RELIC"],"neow_costs_skipped_log":["NONE","CURSE","NONE"],"potions_obtained_entropic_brew":[[],[],[],[],[],[],[],[],[],[],[],[],[],[],[],[],[],[],[],[],[],[],[],[],[],[],[],[],[],[],[],[],[],[],[],[],[],[],[],[]],"gold_per_floor":[110,125,137,137,150,150,180,180,180,180,197,209,228,260,260,338,338,348,368,385,114,124,124,156,175,175,175,90,90,101,101,101,174,174,194,60,70,70,84,84],"floor_reached":40,"playtime":3957,"items_purged":["Defend_G","Defend_G"],"score":869,"play_id":"d444ddce-da7d-4297-bdf9-8f77b40bfad8","local_time":"20240206233244","score_breakdown":["Floors Climbed (40): 200","Enemies Slain (16): 32","Exordium Elites Killed (2): 20","City Elites Killed (1): 20","Beyond Elites Killed (0): 0","Bosses Slain (2): 150","Collector (1): 25","Ascension (20): 422"],"is_ascension_mode":true,"potions_obtained_alchemize":[[],[],[],[],[],[],[],[],[],[],[],[],[],[],[],[],[],[],[],[],[],[],[],[],[],[],[],[],[],[],[],[],[],[],[],[],[],[],[],[]],"campfire_choices":[{"data":"Noxious Fumes","floor":6.0,"key":"SMITH"},{"data":"Backstab","floor":10.0,"key":"SMITH"},{"data":"Neutralize","floor":15.0,"key":"SMITH"},{"data":"Acrobatics","floor":23.0,"key":"SMITH"},{"data":"Prepared","floor":27.0,"key":"SMITH"},{"data":"After Image","floor":32.0,"key":"SMITH"}],"lesson_learned_per_floor":[[],[],[],[],[],[],[],[],[],[],[],[],[],[],[],[],[],[],[],[],[],[],[],[],[],[],[],[],[],[],[],[],[],[],[],[],[],[],[],[]],"neow_cost":"NONE","improvable_cards":{},"seed_source_timestamp":0,"shop_contents":[{"floor":21,"relics":["MealTicket","Orichalcum","TheAbacus"],"cards":["Bane","Eviscerate","Caltrops","Secret Weapon"],"potions":["FearPotion","DistilledChaos","LiquidMemories"]},{"floor":36,"relics":["Regal Pillow","Strawberry","Cauldron"],"cards":["All Out Attack","Heel Hook","Concentrate","Deadly Poison","Accuracy","Swift Strike","Secret Weapon"],"potions":["Fire Potion","SkillPotion"]}],"circlet_count":0,"master_deck":["AscendersBane","Defend_G","Defend_G","Survivor","Neutralize+1","Sucker Punch","Quick Slash","Blade Dance","Noxious Fumes+1","Backstab+1","PiercingWail","Leg Sweep","After Image+1","Backflip","Tactician","Acrobatics+1","Dark Shackles","Prepared+1","Writhe","Bite","Bite","Bite","Bite","A Thousand Cuts","PiercingWail","Terror"],"special_seed":0,"potion_use_per_floor":[[],[],[],[],[],[],["EssenceOfSteel"],[],[],[],["SneckoOil"],[],[],["Strength Potion"],[],[],[],[],[],[],[],["Swift Potion"],[],["LiquidMemories"],[],[],[],[],[],[],[],[],["Weak Potion"],[],[],[],[],[],["SkillPotion","DistilledChaos"],[]],"relics":["Ring of the Snake","StrikeDummy","Meat on the Bone","FossilizedHelix","Cursed Key","Smiling Mask","Mummified Hand","Nilry\u0027s Codex","Empty Cage"],"potions_floor_usage":[33,39,39],"damage_taken":[{"damage":3.0,"enemies":"Small Slimes","floor":1.0,"turns":5.0},{"damage":0.0,"enemies":"Cultist","floor":2.0,"turns":3.0},{"damage":1.0,"enemies":"2 Louse","floor":3.0,"turns":3.0},{"damage":11.0,"enemies":"Gremlin Gang","floor":5.0,"turns":8.0},{"damage":35.0,"enemies":"Lagavulin","floor":7.0,"turns":8.0},{"damage":2.0,"enemies":"Exordium Thugs","floor":11.0,"turns":3.0},{"damage":9.0,"enemies":"3 Louse","floor":12.0,"turns":4.0},{"damage":11.0,"enemies":"Lots of Slimes","floor":13.0,"turns":5.0},{"damage":6.0,"enemies":"Gremlin Nob","floor":14.0,"turns":3.0},{"damage":29.0,"enemies":"The Guardian","floor":16.0,"turns":15.0},{"damage":5.0,"enemies":"2 Thieves","floor":18.0,"turns":4.0},{"damage":0.0,"enemies":"Chosen","floor":19.0,"turns":5.0},{"damage":0.0,"enemies":"Centurion and Healer","floor":20.0,"turns":7.0},{"damage":0.0,"enemies":"Snecko","floor":22.0,"turns":7.0},{"damage":8.0,"enemies":"Gremlin Leader","floor":24.0,"turns":9.0},{"damage":10.0,"enemies":"Snake Plant","floor":25.0,"turns":6.0},{"damage":0.0,"enemies":"3 Cultists","floor":30.0,"turns":6.0},{"damage":42,"enemies":"Automaton","floor":33,"turns":13},{"damage":0,"enemies":"3 Shapes","floor":35,"turns":4},{"damage":0,"enemies":"Orb Walker","floor":37,"turns":4},{"damage":25,"enemies":"Maw","floor":39,"turns":9},{"damage":36,"enemies":"Transient","floor":40,"turns":4}],"seed_played":"-3626635362605829574","neow_bonus_log":{"cardsObtained":[],"cardsUpgraded":[],"cardsRemoved":[],"cardsTransformed":[],"relicsObtained":[],"maxHpGained":0,"goldGained":0,"damageTaken":0,"goldLost":0,"maxHpLost":0},"potions_obtained":[{"floor":1.0,"key":"SneckoOil"},{"floor":5.0,"key":"EssenceOfSteel"},{"floor":12.0,"key":"Strength Potion"},{"floor":13.0,"key":"LiquidMemories"},{"floor":18.0,"key":"Explosive Potion"},{"floor":20.0,"key":"Swift Potion"},{"floor":30.0,"key":"Weak Potion"},{"floor":33,"key":"SkillPotion"}],"is_trial":false,"path_per_floor":["M","M","M","?","M","R","E","?","T","R","M","M","M","E","R","B",null,"M","M","M","$","M","R","E","M","T","R","?","?","M","?","R","B",null,"M","$","M","?","M","M"],"character_chosen":"THE_SILENT","basemod:card_modifiers":[null,null,null,null,null,null,null,null,null,null,null,null,null,null,null,null,null,null,null,null,null,null,null,null,null,null],"items_purchased":["Tactician","Acrobatics","Dark Shackles","DistilledChaos"],"campfire_rested":0,"item_purchase_floors":[21,21,21,36],"current_hp_per_floor":[56,56,55,55,44,44,9,31,31,31,41,44,45,39,39,22,55,50,50,50,50,50,50,42,44,44,44,44,23,35,35,35,23,40,46,46,46,46,25,0],"gold":84,"neow_bonus":"THREE_CARDS","is_prod":false,"is_daily":false,"rewards_skipped":[],"chose_seed":false,"campfire_upgraded":6,"win_rate":0,"floor_exit_playtime":[147,188,242,249,494,508,628,635,639,656,777,848,964,1003,1017,1209,1280,1388,1471,1605,1707,1852,1875,2159,2272,2295,2304,2312,2356,2565,2584,2596,3105,3180,3291,3331,3484,3491,3815],"timestamp":1707280364,"blue_key_relic_skipped_log":{"floor":26,"relicID":"Molten Egg 2"},"path_taken":["M","M","M","?","M","R","E","?","T","R","M","M","M","E","R","BOSS","M","M","M","$","M","R","E","M","T","R","?","?","M","?","R","BOSS","M","$","M","?","M","?"],"build_version":"2022-12-01","purchased_purges":2,"victory":false,"max_hp_per_floor":[66,66,66,66,66,66,66,66,66,66,66,66,66,66,66,66,66,66,66,66,66,66,66,66,66,66,66,66,66,66,46,46,46,46,46,46,46,46,46,46],"relic_stats":{"counters":[22,135],"Mummified Hand":[26],"Nilry\u0027s Codex":[5,16,8,9],"Cursed Key":1,"Smiling Mask":50,"obtain_stats":[{"Mummified Hand":28,"Nilry\u0027s Codex":29,"StrikeDummy":7,"Cursed Key":17,"Smiling Mask":24,"Empty Cage":34,"FossilizedHelix":14,"Ring of the Snake":0,"Meat on the Bone":9},{"Mummified Hand":16,"Nilry\u0027s Codex":16,"StrikeDummy":5,"Cursed Key":10,"Smiling Mask":15,"Empty Cage":18,"FossilizedHelix":9,"Ring of the Snake":0,"Meat on the Bone":5},{"Mummified Hand":95,"Nilry\u0027s Codex":95,"StrikeDummy":27,"Cursed Key":57,"Smiling Mask":89,"Empty Cage":114,"FossilizedHelix":42,"Ring of the Snake":0,"Meat on the Bone":27}],"FossilizedHelix":[77],"Ring of the Snake":[44],"Meat on the Bone":84},"card_choices":[{"not_picked":["Outmaneuver","Deflect"],"picked":"Sucker Punch","floor":0.0},{"not_picked":["Escape Plan","Cloak And Dagger"],"picked":"Quick Slash","floor":1.0},{"not_picked":["Escape Plan","Catalyst"],"picked":"Blade Dance","floor":2.0},{"not_picked":["Concentrate","Flying Knee","Quick Slash"],"picked":"SKIP","floor":3.0},{"not_picked":["Malaise","Accuracy"],"picked":"Noxious Fumes","floor":5.0},{"not_picked":["Acrobatics","Endless Agony"],"picked":"Backstab","floor":7.0},{"not_picked":["Dagger Spray","Flying Knee","Outmaneuver"],"picked":"SKIP","floor":11.0},{"not_picked":["Dagger Spray","Flying Knee","Outmaneuver"],"picked":"SKIP","floor":11.0},{"not_picked":["Underhanded Strike","Riddle With Holes"],"picked":"PiercingWail","floor":12.0},{"not_picked":["Deflect","Blur","Quick Slash"],"picked":"SKIP","floor":13.0},{"not_picked":["Escape Plan","Sucker Punch"],"picked":"Leg Sweep","floor":14.0},{"not_picked":["Doppelganger","Night Terror"],"picked":"After Image","floor":16.0},{"not_picked":["Accuracy","Dagger Spray","Endless Agony"],"picked":"SKIP","floor":18.0},{"not_picked":["Deadly Poison","Terror"],"picked":"Backflip","floor":19.0},{"not_picked":["Underhanded Strike+1","Dodge and Roll","Bane"],"picked":"SKIP","floor":20.0},{"not_picked":["Bouncing Flask","Cloak And Dagger"],"picked":"Prepared","floor":22.0},{"not_picked":["Dagger Throw","All Out Attack","Finisher"],"picked":"SKIP","floor":24.0},{"not_picked":["Backstab","Caltrops","Bane"],"picked":"SKIP","floor":25.0},{"not_picked":["Accuracy","Poisoned Stab+1","Bouncing Flask"],"picked":"SKIP","floor":30.0},{"not_picked":["Phantasmal Killer","Wraith Form v2"],"picked":"A Thousand Cuts","floor":33},{"not_picked":["Bane","Flying Knee"],"picked":"PiercingWail","floor":35},{"not_picked":["Deflect+1","Flying Knee","Bouncing Flask+1"],"picked":"SKIP","floor":37},{"not_picked":["Tactician+1","Endless Agony"],"picked":"Terror","floor":39}],"player_experience":190375,"relics_obtained":[{"floor":7.0,"key":"StrikeDummy"},{"floor":9.0,"key":"Meat on the Bone"},{"floor":14.0,"key":"FossilizedHelix"},{"floor":24.0,"key":"Smiling Mask"},{"floor":29.0,"key":"Nilry\u0027s Codex"}],"event_choices":[{"damage_healed":0.0,"max_hp_gain":0.0,"max_hp_loss":0.0,"gold_gain":0.0,"event_name":"Liars Game","player_choice":"Ignored","floor":4.0,"gold_loss":0.0,"damage_taken":0.0},{"damage_healed":22.0,"max_hp_gain":0.0,"max_hp_loss":0.0,"gold_gain":0.0,"event_name":"Big Fish","player_choice":"Banana","floor":8.0,"gold_loss":0.0,"damage_taken":0.0},{"damage_healed":0.0,"max_hp_gain":0.0,"max_hp_loss":0.0,"gold_gain":0.0,"event_name":"Addict","player_choice":"Obtained Relic","floor":28.0,"gold_loss":85.0,"damage_taken":0.0,"relics_obtained":["Mummified Hand"]},{"damage_healed":0.0,"max_hp_gain":0.0,"max_hp_loss":0.0,"gold_gain":0.0,"event_name":"Cursed Tome","player_choice":"Obtained Book","floor":29.0,"gold_loss":0.0,"damage_taken":21.0},{"damage_healed":0.0,"max_hp_gain":0.0,"max_hp_loss":20.0,"gold_gain":0.0,"event_name":"Vampires","player_choice":"Became a vampire","floor":31.0,"gold_loss":0.0,"damage_taken":0.0,"cards_obtained":["Bite","Bite","Bite","Bite","Bite"]},{"damage_healed":0,"gold_gain":0,"player_choice":"Ignored","damage_taken":0,"max_hp_gain":0,"max_hp_loss":0,"event_name":"Tomb of Lord Red Mask","floor":38,"gold_loss":0}],"is_beta":false,"boss_relics":[{"not_picked":["Astrolabe","Pandora\u0027s Box"],"picked":"Cursed Key"},{"not_picked":["WristBlade","Tiny House"],"picked":"Empty Cage"}],"items_purged_floors":[21,36],"is_endless":false,"potions_floor_spawned":[1,5,12,13,18,20,30,33],"killed_by":"Transient","ascension_level":20,"potion_discard_per_floor":[[],[],[],[],[],[],[],[],[],[],[],[],[],[],[],[],[],[],[],["Explosive Potion"],[],[],[],[],[],[],[],[],[],[],[],[],[],[],[],[],[],[],[],[]]}