{"neow_bonuses_skipped_log":["TEN_PERCENT_HP_BONUS","REMOVE_TWO","BOSS_RELIC"],"neow_costs_skipped_log":["NONE","NO_GOLD","NONE"],"potions_obtained_entropic_brew":[[],[],[],[],[],[],[],[],[],[],[],[],[],[],[],[],[],[],[],[],[],[],[],[],[],[],[],[],[],["Explosive Potion","SpeedPotion"],[],[],[]],"gold_per_floor":[110,121,134,20,40,67,67,101,101,101,118,118,43,59,59,136,136,156,156,169,183,203,203,235,235,262,275,275,275,290,323,323,323],"floor_reached":33,"playtime":3090,"items_purged":[],"score":598,"play_id":"0a95e171-fc6c-4394-b965-deff5ac59487","local_time":"20240307235557","score_breakdown":["Floors Climbed (33): 165","Enemies Slain (12): 24","Exordium Elites Killed (2): 20","City Elites Killed (2): 40","Bosses Slain (1): 50","Ascension (20): 299"],"is_ascension_mode":true,"potions_obtained_alchemize":[[],[],[],[],[],[],[],[],[],[],[],[],[],[],[],[],[],[],[],[],[],[],[],[],[],[],[],[],[],[],[],[],[]],"campfire_choices":[{"data":"Blade Dance","floor":7,"key":"SMITH"},{"data":"Underhanded Strike","floor":10,"key":"SMITH"},{"data":"Accuracy","floor":15,"key":"SMITH"},{"floor":23,"key":"REST"},{"floor":28,"key":"REST"},{"floor":32,"key":"REST"}],"lesson_learned_per_floor":[[],[],[],[],[],[],[],[],[],[],[],[],[],[],[],[],[],[],[],[],[],[],[],[],[],[],[],[],[],[],[],[],[]],"neow_cost":"NONE","improvable_cards":{},"seed_source_timestamp":239755273696209,"shop_contents":[{"floor":4,"relics":["Pocketwatch","Regal Pillow","Strange Spoon"],"cards":["Flechettes","Cloak And Dagger","Escape Plan","Accuracy","Swift Strike","HandOfGreed"],"potions":["DistilledChaos","Energy Potion"]}],"circlet_count":0,"master_deck":["AscendersBane","Strike_G","Strike_G","Strike_G","Strike_G","Strike_G","Defend_G","Defend_G","Defend_G","Defend_G+1","Survivor","Neutralize+1","PiercingWail","Dagger Throw","Underhanded Strike+1","Quick Slash+1","Blade Dance+1","Finisher","Accuracy+1","Blade Dance","A Thousand Cuts","Acrobatics","Predator","Backflip","Corpse Explosion","Leg Sweep"],"potion_use_per_floor":[[],[],["EssenceOfSteel"],[],[],["PowerPotion","Block Potion"],[],[],[],[],[],[],[],["Explosive Potion"],[],["FearPotion","CunningPotion"],[],[],[],["PowerPotion"],["Regen Potion"],["Explosive Potion","SkillPotion"],[],["DuplicationPotion"],[],[],["Regen Potion"],[],[],["EntropicBrew","SpeedPotion"],["Block Potion","Explosive Potion"],[],["SpeedPotion"]],"relics":["Ring of the Snake","MealTicket","Meat on the Bone","White Beast Statue","Fusion Hammer","Tiny Chest","Mummified Hand"],"potions_floor_usage":[3,6,6,14,16,16,20,21,22,22,24,27,30,30,31,31,33],"damage_taken":[{"damage":0,"enemies":"Small Slimes","floor":1,"turns":6},{"damage":1,"enemies":"2 Louse","floor":2,"turns":4},{"damage":0,"enemies":"Jaw Worm","floor":3,"turns":5},{"damage":1,"enemies":"Red Slaver","floor":5,"turns":4},{"damage":2,"enemies":"Lagavulin","floor":6,"turns":6},{"damage":22,"enemies":"3 Sentries","floor":8,"turns":9},{"damage":0,"enemies":"Exordium Thugs","floor":11,"turns":4},{"damage":0,"enemies":"Gremlin Gang","floor":14,"turns":2},{"damage":25,"enemies":"Hexaghost","floor":16,"turns":7},{"damage":0,"enemies":"3 Byrds","floor":18,"turns":4},{"damage":0,"enemies":"Spheric Guardian","floor":20,"turns":3},{"damage":36,"enemies":"Snake Plant","floor":21,"turns":5},{"damage":13,"enemies":"Cultist and Chosen","floor":22,"turns":4},{"damage":28,"enemies":"Gremlin Leader","floor":24,"turns":6},{"damage":18,"enemies":"Snecko","floor":27,"turns":5},{"damage":14,"enemies":"Shelled Parasite and Fungi","floor":30,"turns":4},{"damage":47,"enemies":"Book of Stabbing","floor":31,"turns":5},{"damage":35,"enemies":"Collector","floor":33,"turns":7}],"seed_played":"-2324493896433422314","neow_bonus_log":{"cardsObtained":[],"cardsUpgraded":["Neutralize"],"cardsRemoved":[],"cardsTransformed":[],"relicsObtained":[],"maxHpGained":0,"goldGained":0,"damageTaken":0,"goldLost":0,"maxHpLost":0},"potions_obtained":[{"floor":1,"key":"Block Potion"},{"floor":2,"key":"EssenceOfSteel"},{"floor":6,"key":"Explosive Potion"},{"floor":11,"key":"CunningPotion"},{"floor":14,"key":"FearPotion"},{"floor":16,"key":"Regen Potion"},{"floor":18,"key":"PowerPotion"},{"floor":20,"key":"Explosive Potion"},{"floor":21,"key":"SkillPotion"},{"floor":22,"key":"DuplicationPotion"},{"floor":24,"key":"Regen Potion"},{"floor":27,"key":"EntropicBrew"},{"floor":30,"key":"Block Potion"},{"floor":31,"key":"SpeedPotion"}],"is_trial":false,"path_per_floor":["M","M","M","$","M","E","R","E","T","R","M","?","?","M","R","B",null,"M","?","M","M","M","R","E","?","T","M","R","?","M","E","R","B"],"character_chosen":"THE_SILENT","basemod:card_modifiers":[null,null,null,null,null,null,null,null,null,null,null,null,null,null,null,null,null,null,null,null,null,null,null,null,null,null],"items_purchased":["PowerPotion","Quick Slash"],"campfire_rested":3,"item_purchase_floors":[4,4],"current_hp_per_floor":[59,58,58,58,57,55,55,33,33,33,45,25,25,37,37,24,56,56,56,56,34,33,52,36,36,36,45,64,64,50,15,34,0],"gold":323,"neow_bonus":"UPGRADE_CARD","is_prod":false,"is_daily":false,"rewards_skipped":[],"chose_seed":false,"campfire_upgraded":3,"win_rate":1,"floor_exit_playtime":[264,323,428,460,525,691,712,913,918,934,1041,1047,1066,1118,1190,1340,1508,1716,1764,1879,2037,2145,2151,2409,2427,2434,2571,2583,2603,2735,2895,2900],"timestamp":1709873757,"blue_key_relic_skipped_log":{"floor":26,"relicID":"Strawberry"},"path_taken":["M","M","M","$","M","E","R","E","T","R","M","?","?","M","R","BOSS","M","?","M","?","M","R","E","?","T","M","R","?","M","E","R","BOSS"],"build_version":"2022-12-01","purchased_purges":0,"victory":false,"max_hp_per_floor":[66,66,66,66,66,66,66,66,66,66,66,66,66,66,66,66,66,66,66,66,66,66,66,66,66,66,66,66,66,66,66,66,66],"relic_stats":{"counters":[18,90],"Mummified Hand":[2],"MealTicket":0,"Tiny Chest":0,"obtain_stats":[{"Mummified Hand":31,"MealTicket":6,"Tiny Chest":24,"Fusion Hammer":17,"White Beast Statue":9,"Ring of the Snake":0,"Meat on the Bone":8},{"Mummified Hand":17,"MealTicket":5,"Tiny Chest":14,"Fusion Hammer":9,"White Beast Statue":6,"Ring of the Snake":0,"Meat on the Bone":6},{"Mummified Hand":83,"MealTicket":25,"Tiny Chest":69,"Fusion Hammer":47,"White Beast Statue":34,"Ring of the Snake":0,"Meat on the Bone":34}],"White Beast Statue":[0.0024998400000000014,0.0,0.10427520000000007,0.0,0.43920256000000024,0.0,0.38386560000000025,0.0,0.06894720000000004,0.0,0.0012096000000000008,4.839886080000001],"Ring of the Snake":[36],"Meat on the Bone":84},"card_choices":[{"not_picked":["Cloak And Dagger","Underhanded Strike"],"picked":"PiercingWail","floor":1},{"not_picked":["Acrobatics","Accuracy"],"picked":"Dagger Throw","floor":2},{"not_picked":["Caltrops","Bane"],"picked":"Underhanded Strike","floor":3},{"not_picked":["Flying Knee","PiercingWail"],"picked":"Blade Dance","floor":5},{"not_picked":["Infinite Blades","Heel Hook"],"picked":"Finisher","floor":6},{"not_picked":["Deflect","Dagger Throw","Setup"],"picked":"SKIP","floor":8},{"not_picked":["Flying Knee","After Image"],"picked":"Accuracy","floor":11},{"not_picked":["Well Laid Plans","Caltrops"],"picked":"Blade Dance","floor":14},{"not_picked":["Wraith Form v2","Night Terror"],"picked":"A Thousand Cuts","floor":16},{"not_picked":["Bane","Caltrops","Deadly Poison"],"picked":"SKIP","floor":18},{"not_picked":["Outmaneuver","Deflect"],"picked":"Acrobatics","floor":20},{"not_picked":["Blade Dance","Unload"],"picked":"Predator","floor":21},{"not_picked":["Quick Slash","Dagger Spray"],"picked":"Backflip","floor":22},{"not_picked":["Catalyst","Noxious Fumes+1"],"picked":"Corpse Explosion","floor":24},{"not_picked":["Prepared","Dagger Throw","Bane"],"picked":"SKIP","floor":27},{"not_picked":["Bane","Endless Agony","Underhanded Strike+1"],"picked":"SKIP","floor":30},{"not_picked":["Dagger Spray","Sucker Punch+1"],"picked":"Leg Sweep","floor":31}],"player_experience":129325,"relics_obtained":[{"floor":6,"key":"MealTicket"},{"floor":8,"key":"Meat on the Bone"},{"floor":9,"key":"White Beast Statue"},{"floor":24,"key":"Tiny Chest"},{"floor":31,"key":"Mummified Hand"}],"event_choices":[{"damage_healed":0,"gold_gain":0,"player_choice":"Entered Light","damage_taken":20,"max_hp_gain":0,"max_hp_loss":0,"event_name":"Shining Light","floor":12,"gold_loss":0,"cards_upgraded":["Defend_G","Quick Slash"]},{"cards_removed":["Defend_G"],"damage_healed":0,"gold_gain":0,"player_choice":"Card Removal","damage_taken":0,"max_hp_gain":0,"max_hp_loss":0,"event_name":"The Cleric","floor":13,"gold_loss":75},{"damage_healed":0,"gold_gain":0,"player_choice":"Ignored","damage_taken":0,"max_hp_gain":0,"max_hp_loss":0,"event_name":"Ghosts","floor":19,"gold_loss":0},{"damage_healed":0,"gold_gain":0,"player_choice":"Ignored","damage_taken":0,"max_hp_gain":0,"max_hp_loss":0,"event_name":"The Mausoleum","floor":25,"gold_loss":0},{"damage_healed":0,"gold_gain":0,"player_choice":"0 cards matched","damage_taken":0,"max_hp_gain":0,"max_hp_loss":0,"event_name":"Match and Keep!","floor":29,"gold_loss":0,"cards_obtained":[]}],"is_beta":false,"boss_relics":[{"not_picked":["SlaversCollar","Velvet Choker"],"picked":"Fusion Hammer"}],"items_purged_floors":[],"is_endless":false,"potions_floor_spawned":[1,2,6,11,14,16,18,20,21,22,24,27,30,31],"killed_by":"Collector","ascension_level":20,"potion_discard_per_floor":[[],[],[],[],[],[],[],[],[],[],[],[],[],[],[],[],[],[],[],[],[],[],[],[],[],[],[],[],[],[],[],[],[]]}