{"neow_bonuses_skipped_log":["RANDOM_COLORLESS","THREE_SMALL_POTIONS","BOSS_RELIC"],"neow_costs_skipped_log":["NONE","NONE","NONE"],"potions_obtained_entropic_brew":[[],[],[],[],[],[],[],[],[],[],[],[],[],[],[],[],[],[],[],[],[],[],[],[],[],[],[],[],[],[],[],[],[],[],[],[],[],[],[],[],[],[],[],[],[],[],[],[],[],[],[]],"gold_per_floor":[20,37,50,65,65,65,79,154,225,255,274,274,293,312,312,389,389,400,400,420,420,430,430,465,465,516,531,531,546,29,41,41,120,120,139,139,149,1148,498,498,517,531,608,628,648,648,673,371,371,371,371],"floor_reached":51,"playtime":4775,"items_purged":["Defend_G","Normality","Normality"],"score":1610,"play_id":"b0018eb7-d9d0-4f27-9c66-2ab48a10853b","local_time":"20240310001509","score_breakdown":["Floors Climbed (51): 255","Enemies Slain (20): 40","Exordium Elites Killed (1): 10","City Elites Killed (1): 20","Beyond Elites Killed (1): 30","Bosses Slain (3): 300","Money Money (1840): 25","Librarian: 25","Champion (1): 25","Perfect (1): 50","Overkill: 25","C-c-c-combo: 25","Ascension (20): 780"],"is_ascension_mode":true,"potions_obtained_alchemize":[[],[],[],[],[],[],[],[],[],[],[],[],[],[],[],[],[],[],[],[],[],[],[],[],[],[],[],[],[],[],[],[],[],[],[],[],[],[],[],[],[],[],[],[],[],[],[],[],[],[],[]],"campfire_choices":[{"data":"Wraith Form v2","floor":6.0,"key":"SMITH"},{"data":"Blade Dance","floor":12.0,"key":"SMITH"},{"floor":15.0,"key":"REST"},{"data":"Adrenaline","floor":23.0,"key":"SMITH"},{"data":"Ghostly","floor":25.0,"key":"SMITH"},{"data":"Footwork","floor":32.0,"key":"SMITH"},{"floor":40,"key":"RECALL"},{"data":"Doppelganger","floor":46,"key":"SMITH"},{"data":"Blade Dance","floor":49,"key":"SMITH"}],"lesson_learned_per_floor":[[],[],[],[],[],[],[],[],[],[],[],[],[],[],[],[],[],[],[],[],[],[],[],[],[],[],[],[],[],[],[],[],[],[],[],[],[],[],[],[],[],[],[],[],[],[],[],[],[],[],[]],"neow_cost":"NO_GOLD","improvable_cards":{},"seed_source_timestamp":342680341138625,"shop_contents":[{"floor":30,"relics":["Lantern","Centennial Puzzle","Matryoshka"],"cards":["Slice","Sucker Punch","Prepared","Backflip","Envenom","Bandage Up","The Bomb"],"potions":["FearPotion","FairyPotion","Ancient Potion"]},{"floor":39,"relics":["War Paint","InkBottle","Happy Flower"],"cards":["Dagger Spray","Unload","Terror","Terror","Noxious Fumes","Flash of Steel","Bandage Up"],"potions":["Explosive Potion","GhostInAJar","DuplicationPotion"]},{"floor":48,"relics":["Ancient Tea Set","Whetstone","Toxic Egg 2"],"cards":["Riddle With Holes","Heel Hook","Bouncing Flask","Outmaneuver","Noxious Fumes","Panacea","Mayhem"],"potions":["SmokeBomb","LiquidMemories","Energy Potion"]}],"circlet_count":0,"master_deck":["AscendersBane","Strike_G","Strike_G","Strike_G","Defend_G","Defend_G","Survivor","Neutralize","Wraith Form v2+1","Prepared","Die Die Die","PiercingWail","Flying Knee","Quick Slash","Blade Dance+1","Terror","Adrenaline+1","Concentrate+1","Noxious Fumes+1","All Out Attack+1","Backflip","Ghostly+1","Ghostly","Ghostly","Acrobatics","Prepared","Wraith Form v2+1","Acrobatics","Footwork+1","Corpse Explosion","Doppelganger+1","Acrobatics+1","Blur","Leg Sweep","Master of Strategy","Crippling Poison","Blade Dance+1","Caltrops"],"special_seed":0,"potion_use_per_floor":[[],[],[],["SkillPotion"],[],[],[],[],[],[],[],[],[],[],[],["PowerPotion"],[],[],[],[],[],[],[],["GamblersBrew"],[],[],[],[],[],[],[],[],[],[],[],[],[],[],[],[],[],[],[],[],[],[],[],[],[],["Swift Potion"],["AttackPotion"]],"relics":["Ring of the Snake","Shuriken","The Courier","Astrolabe","FossilizedHelix","Bronze Scales","TheAbacus","Dead Branch","Coffee Dripper","OrangePellets","TungstenRod","Singing Bowl","Medical Kit"],"potions_floor_usage":[50,51],"damage_taken":[{"damage":11.0,"enemies":"Small Slimes","floor":1.0,"turns":7.0},{"damage":5.0,"enemies":"Cultist","floor":2.0,"turns":7.0},{"damage":0.0,"enemies":"2 Louse","floor":3.0,"turns":3.0},{"damage":6.0,"enemies":"Gremlin Gang","floor":4.0,"turns":4.0},{"damage":2.0,"enemies":"Exordium Wildlife","floor":7.0,"turns":3.0},{"damage":36.0,"enemies":"Lagavulin","floor":10.0,"turns":9.0},{"damage":0.0,"enemies":"3 Louse","floor":11.0,"turns":3.0},{"damage":0.0,"enemies":"Large Slime","floor":13.0,"turns":5.0},{"damage":4.0,"enemies":"Blue Slaver","floor":14.0,"turns":3.0},{"damage":16.0,"enemies":"Slime Boss","floor":16.0,"turns":8.0},{"damage":1.0,"enemies":"Chosen","floor":18.0,"turns":4.0},{"damage":6.0,"enemies":"3 Byrds","floor":20.0,"turns":4.0},{"damage":3.0,"enemies":"Cultist and Chosen","floor":22.0,"turns":7.0},{"damage":7.0,"enemies":"Book of Stabbing","floor":24.0,"turns":5.0},{"damage":0.0,"enemies":"Centurion and Healer","floor":27.0,"turns":4.0},{"damage":3.0,"enemies":"Sentry and Sphere","floor":29.0,"turns":4.0},{"damage":0.0,"enemies":"Cultist and Chosen","floor":31.0,"turns":5.0},{"damage":7,"enemies":"Automaton","floor":33,"turns":10},{"damage":1,"enemies":"3 Darklings","floor":35,"turns":4},{"damage":2,"enemies":"3 Shapes","floor":37,"turns":6},{"damage":0,"enemies":"Sphere and 2 Shapes","floor":41,"turns":4},{"damage":0,"enemies":"4 Shapes","floor":42,"turns":1},{"damage":0,"enemies":"3 Darklings","floor":44,"turns":2},{"damage":0,"enemies":"Jaw Worm Horde","floor":45,"turns":2},{"damage":0,"enemies":"Nemesis","floor":47,"turns":9},{"damage":0,"enemies":"Donu and Deca","floor":50,"turns":7},{"damage":27,"enemies":"Time Eater","floor":51,"turns":12}],"green_key_taken_log":24,"seed_played":"8881440832950391213","neow_bonus_log":{"cardsObtained":[],"cardsUpgraded":[],"cardsRemoved":[],"cardsTransformed":[],"relicsObtained":[],"maxHpGained":0,"goldGained":0,"damageTaken":0,"goldLost":99,"maxHpLost":0},"potions_obtained":[{"floor":2.0,"key":"SkillPotion"},{"floor":10.0,"key":"Energy Potion"},{"floor":13.0,"key":"AttackPotion"},{"floor":14.0,"key":"PowerPotion"},{"floor":16.0,"key":"GamblersBrew"},{"floor":29.0,"key":"FearPotion"},{"floor":35,"key":"BlessingOfTheForge"}],"is_trial":false,"path_per_floor":["M","M","M","M","?","R","M","?","T","E","M","R","M","M","R","B",null,"M","?","M","?","M","R","E","R","T","M","?","M","$","M","R","B",null,"M","?","M","?","$","R","M","M","T","M","M","R","E","$","R","B","B"],"character_chosen":"THE_SILENT","basemod:card_modifiers":[null,null,null,null,null,null,null,null,null,null,null,null,null,null,null,null,null,null,null,null,null,null,null,null,null,null,null,null,null,null,null,null,null,null,null,null,null,null],"items_purchased":["TheAbacus","Footwork","Dead Branch","OrangePellets","TungstenRod","Leg Sweep","Master of Strategy","Medical Kit","Caltrops","Swift Potion"],"campfire_rested":1,"item_purchase_floors":[30,30,30,39,39,39,39,48,48,48],"current_hp_per_floor":[48,43,43,37,59,59,57,57,57,21,21,21,21,17,36,20,55,54,54,48,33,30,30,23,23,23,23,23,20,20,20,20,13,28,27,27,25,25,25,25,25,25,25,25,25,25,25,25,25,25,0],"gold":371,"neow_bonus":"THREE_RARE_CARDS","is_prod":false,"is_daily":false,"rewards_skipped":[{"floor":18,"relics":[],"potions":["BlessingOfTheForge"]},{"floor":20,"relics":[],"potions":["GamblersBrew"]},{"floor":37,"relics":[],"potions":["Dexterity Potion"]},{"floor":45,"relics":[],"potions":["Block Potion"]}],"chose_seed":false,"campfire_upgraded":7,"win_rate":0,"floor_exit_playtime":[408,490,528,624,629,636,697,713,721,922,998,1030,1087,1137,1141,1350,1516,1634,1660,1815,1832,1942,1954,2098,2112,2131,2241,2265,2391,2483,2640,2650,2946,3010,3170,3193,3402,3472,3506,3515,3636,3732,3739,3790,3869,3894,4079,4129,4153,4468],"timestamp":1710047709,"blue_key_relic_skipped_log":{"floor":43,"relicID":"Gremlin Horn"},"path_taken":["M","M","M","M","?","R","M","?","T","E","M","R","M","M","R","BOSS","M","?","M","?","M","R","E","R","T","?","?","M","$","M","R","BOSS","M","?","M","?","$","R","M","M","T","M","?","R","E","$","R","BOSS","BOSS"],"build_version":"2022-12-01","purchased_purges":3,"victory":false,"max_hp_per_floor":[66,66,66,66,66,66,66,66,66,66,66,66,66,66,66,66,66,66,66,66,33,33,33,33,33,33,33,33,33,33,33,33,33,33,33,31,31,31,31,31,31,31,31,31,31,31,31,31,31,31,31],"relic_stats":{"Singing Bowl":0,"counters":[27,142],"Astrolabe":["Concentrate","Noxious Fumes","All Out Attack"],"Dead Branch":[165],"The Courier":368,"Medical Kit":[4],"OrangePellets":[7],"TheAbacus":[66],"Shuriken":[61],"Bronze Scales":[175],"obtain_stats":[{"Singing Bowl":47,"Astrolabe":17,"Dead Branch":30,"The Courier":10,"Medical Kit":48,"OrangePellets":39,"TheAbacus":30,"Shuriken":9,"Bronze Scales":26,"Coffee Dripper":34,"FossilizedHelix":24,"TungstenRod":39,"Ring of the Snake":0},{"Singing Bowl":25,"Astrolabe":10,"Dead Branch":16,"The Courier":6,"Medical Kit":25,"OrangePellets":20,"TheAbacus":16,"Shuriken":5,"Bronze Scales":14,"Coffee Dripper":18,"FossilizedHelix":14,"TungstenRod":20,"Ring of the Snake":0},{"Singing Bowl":123,"Astrolabe":52,"Dead Branch":80,"The Courier":33,"Medical Kit":123,"OrangePellets":105,"TheAbacus":80,"Shuriken":24,"Bronze Scales":72,"Coffee Dripper":95,"FossilizedHelix":72,"TungstenRod":105,"Ring of the Snake":0}],"FossilizedHelix":[25],"TungstenRod":15,"Ring of the Snake":[54]},"card_choices":[{"not_picked":["Storm of Steel","Burst"],"picked":"Wraith Form v2","floor":0.0},{"not_picked":["PiercingWail","Underhanded Strike"],"picked":"Prepared","floor":1.0},{"not_picked":["Poisoned Stab","Deflect"],"picked":"Die Die Die","floor":2.0},{"not_picked":["Distraction","Infinite Blades"],"picked":"PiercingWail","floor":3.0},{"not_picked":["Cloak And Dagger","Blade Dance"],"picked":"Flying Knee","floor":4.0},{"not_picked":["Escape Plan","Outmaneuver"],"picked":"Quick Slash","floor":7.0},{"not_picked":["Poisoned Stab","Bouncing Flask"],"picked":"Blade Dance","floor":10.0},{"not_picked":["Dagger Throw","Concentrate","Flying Knee"],"picked":"SKIP","floor":11.0},{"not_picked":["Deflect","Poisoned Stab"],"picked":"Terror","floor":13.0},{"not_picked":["Skewer","Flechettes","Deflect"],"picked":"SKIP","floor":14.0},{"not_picked":["Glass Knife","Venomology"],"picked":"Adrenaline","floor":16.0},{"not_picked":["Prepared","Acrobatics"],"picked":"Backflip","floor":18.0},{"not_picked":["Terror","Endless Agony","Masterful Stab"],"picked":"SKIP","floor":20.0},{"not_picked":["Bane","Dagger Throw"],"picked":"Acrobatics","floor":22.0},{"not_picked":["Setup","Catalyst+1","Dash"],"picked":"SKIP","floor":24.0},{"not_picked":["Predator","Backflip"],"picked":"Prepared","floor":27.0},{"not_picked":["Heel Hook","Backstab"],"picked":"Acrobatics","floor":29.0},{"not_picked":["Dagger Spray","Infinite Blades"],"picked":"Corpse Explosion","floor":31.0},{"not_picked":["Night Terror","Die Die Die"],"picked":"Doppelganger","floor":33},{"not_picked":["Crippling Poison","Backstab"],"picked":"Acrobatics+1","floor":35},{"not_picked":["Deadly Poison","Backflip+1"],"picked":"Blur","floor":37},{"not_picked":["Poisoned Stab","Escape Plan","Sucker Punch"],"picked":"SKIP","floor":41},{"not_picked":["Infinite Blades+1","Noxious Fumes+1"],"picked":"Crippling Poison","floor":42},{"not_picked":["Distraction","Bane","Outmaneuver"],"picked":"SKIP","floor":44},{"not_picked":["Cloak And Dagger","Bane+1","Predator"],"picked":"SKIP","floor":45},{"not_picked":["Sucker Punch+1","Masterful Stab+1"],"picked":"Blade Dance","floor":47}],"player_experience":139136,"relics_obtained":[{"floor":9.0,"key":"Shuriken"},{"floor":10.0,"key":"The Courier"},{"floor":24.0,"key":"FossilizedHelix"},{"floor":26.0,"key":"Bronze Scales"},{"floor":47,"key":"Singing Bowl"}],"event_choices":[{"damage_healed":22.0,"max_hp_gain":0.0,"max_hp_loss":0.0,"gold_gain":0.0,"event_name":"Big Fish","player_choice":"Banana","floor":5.0,"gold_loss":0.0,"damage_taken":0.0},{"damage_healed":0.0,"max_hp_gain":0.0,"max_hp_loss":0.0,"gold_gain":75.0,"event_name":"Golden Wing","player_choice":"Gained Gold","floor":8.0,"gold_loss":0.0,"damage_taken":0.0},{"cards_removed":["Strike_G"],"damage_healed":0.0,"max_hp_gain":0.0,"max_hp_loss":0.0,"gold_gain":0.0,"event_name":"Back to Basics","player_choice":"Elegance","floor":19.0,"gold_loss":0.0,"damage_taken":0.0},{"damage_healed":0.0,"max_hp_gain":0.0,"max_hp_loss":33.0,"gold_gain":0.0,"event_name":"Ghosts","player_choice":"Became a Ghost","floor":21.0,"gold_loss":0.0,"damage_taken":0.0,"cards_obtained":["Ghostly","Ghostly","Ghostly"]},{"damage_healed":0.0,"max_hp_gain":0.0,"max_hp_loss":0.0,"gold_gain":0.0,"event_name":"Duplicator","player_choice":"Copied","floor":28.0,"gold_loss":0.0,"damage_taken":0.0,"cards_obtained":["Wraith Form v2"]},{"damage_healed":0,"gold_gain":0,"player_choice":"Max HP","damage_taken":0,"max_hp_gain":0,"max_hp_loss":2,"event_name":"Winding Halls","floor":36,"gold_loss":0},{"damage_healed":0,"gold_gain":999,"player_choice":"Gold","damage_taken":0,"max_hp_gain":0,"max_hp_loss":0,"event_name":"MindBloom","floor":38,"gold_loss":0,"cards_obtained":["Normality","Normality"]}],"is_beta":false,"boss_relics":[{"not_picked":["SacredBark","Philosopher\u0027s Stone"],"picked":"Astrolabe"},{"not_picked":["Fusion Hammer","HoveringKite"],"picked":"Coffee Dripper"}],"items_purged_floors":[30,39,48],"is_endless":false,"potions_floor_spawned":[2,10,13,14,16,18,20,29,35,37,45],"killed_by":"Time Eater","ascension_level":20,"potion_discard_per_floor":[[],[],[],[],[],[],[],[],[],[],[],[],[],["Energy Potion"],[],[],[],[],[],[],[],[],[],[],[],[],[],[],[],[],[],[],[],[],["FearPotion"],[],[],[],[],[],[],[],[],[],[],[],[],["BlessingOfTheForge"],[],[],[]]}