{"neow_bonuses_skipped_log":["TRANSFORM_CARD","THREE_SMALL_POTIONS","BOSS_RELIC"],"potions_obtained_entropic_brew":[[],[],[],[],[],[],[],[],[],[],[],[],[],[],[],[],[],[],[],[],[],[],[],[],[],[],[],[],[],[],[],[],[],[],[],[],[],[],[],[],[],[],[],[],[]],"neow_costs_skipped_log":["NONE","NONE","NONE"],"gold_per_floor":[119,138,138,157,61,90,109,134,188,188,202,18,45,45,45,120,120,134,168,93,93,109,109,120,70,70,100,120,134,134,146,146,225,225,238,238,3,21,40,67,67,100,100,116,116],"floor_reached":45,"playtime":4776,"items_purged":["Strike_G","Strike_G"],"score":1230,"play_id":"6309979c-5f4c-416d-901b-a03340cd0055","local_time":"20240317230027","falling_options_log":["Acrobatics","Footwork"],"score_breakdown":["Floors Climbed (45): 225","Enemies Slain (15): 30","Exordium Elites Killed (3): 30","City Elites Killed (1): 20","Beyond Elites Killed (2): 60","Bosses Slain (2): 150","Champion (1): 25","Perfect (1): 50","Overkill: 25","Ascension (20): 615"],"is_ascension_mode":true,"potions_obtained_alchemize":[[],[],[],[],[],[],[],[],[],[],[],[],[],[],[],[],[],[],[],[],[],[],[],[],[],[],[],[],[],[],[],[],[],[],[],[],[],[],[],[],[],[],[],[],[]],"campfire_choices":[{"data":"Well Laid Plans","floor":10.0,"key":"SMITH"},{"data":"Calculated Gamble","floor":15,"key":"SMITH"},{"floor":23,"key":"REST"},{"floor":30,"key":"REST"},{"data":"Catalyst","floor":32,"key":"SMITH"},{"data":"Tactician","floor":41,"key":"SMITH"}],"lesson_learned_per_floor":[[],[],[],[],[],[],[],[],[],[],[],[],[],[],[],[],[],[],[],[],[],[],[],[],[],[],[],[],[],[],[],[],[],[],[],[],[],[],[],[],[],[],[],[],[]],"neow_cost":"TEN_PERCENT_HP_LOSS","improvable_cards":{},"seed_source_timestamp":207078925926959,"shop_contents":[{"floor":5,"relics":["HornCleat","CeramicFish","TheAbacus"],"cards":["Riddle With Holes","Bane","Blade Dance","Phantasmal Killer","Forethought","Mayhem"],"potions":["SkillPotion","SkillPotion"]},{"floor":12,"relics":["Boot","MealTicket","Medical Kit"],"cards":["Dagger Spray","Dagger Throw","Flash of Steel","Chrysalis"],"potions":["DuplicationPotion","Energy Potion","CunningPotion"]},{"floor":20,"relics":["Toy Ornithopter","Bag of Marbles","HandDrill"],"cards":["Dagger Throw","Masterful Stab","Burst","Deflect","Caltrops","Discovery","Master of Strategy"],"potions":["SkillPotion","Strength Potion","Weak Potion"]},{"floor":37,"relics":["White Beast Statue","Prayer Wheel","Frozen Eye"],"cards":["Slice","Glass Knife","Leg Sweep","Infinite Blades","Trip","Thinking Ahead"],"potions":["Explosive Potion","Energy Potion"]}],"circlet_count":0,"master_deck":["AscendersBane","Strike_G","Defend_G","Defend_G","Defend_G","Defend_G","Survivor","Neutralize","Bane","Backflip","Calculated Gamble+1","Slice","Well Laid Plans+1","Catalyst+1","Endless Agony","Dagger Spray","Catalyst","Deadly Poison","Footwork","Backflip","Grand Finale","Corpse Explosion","Acrobatics","Crippling Poison+1","Footwork+1","Calculated Gamble","Burst","Malaise","Tactician+1","Calculated Gamble+1","PiercingWail"],"special_seed":0,"potion_use_per_floor":[[],[],[],[],[],["Explosive Potion"],[],["Fire Potion","Fire Potion"],[],[],[],[],[],[],[],[],[],["Block Potion"],[],[],[],[],[],[],[],[],["PowerPotion","DuplicationPotion"],[],[],[],[],[],["AttackPotion"],[],["Block Potion"],[],[],[],[],[],[],["Strength Potion","AttackPotion"],[],[],[]],"relics":["Ring of the Serpent","Pocketwatch","Ornamental Fan","Pear","Gremlin Horn","Anchor","Red Mask","Bottled Lightning","Runic Dome","Centennial Puzzle","Blue Candle"],"potions_floor_usage":[18,27,27,33,35,42,42],"damage_taken":[{"damage":0.0,"enemies":"Cultist","floor":1.0,"turns":4.0},{"damage":0.0,"enemies":"2 Louse","floor":2.0,"turns":3.0},{"damage":4.0,"enemies":"Small Slimes","floor":4.0,"turns":3.0},{"damage":12.0,"enemies":"3 Sentries","floor":6.0,"turns":8.0},{"damage":2.0,"enemies":"Exordium Wildlife","floor":7.0,"turns":4.0},{"damage":9.0,"enemies":"Gremlin Nob","floor":8.0,"turns":3.0},{"damage":0.0,"enemies":"2 Fungi Beasts","floor":11.0,"turns":2.0},{"damage":0,"enemies":"3 Sentries","floor":13,"turns":7},{"damage":0,"enemies":"The Guardian","floor":16,"turns":8},{"damage":10,"enemies":"2 Thieves","floor":18,"turns":3},{"damage":0,"enemies":"Masked Bandits","floor":19,"turns":2},{"damage":9,"enemies":"Spheric Guardian","floor":22,"turns":5},{"damage":7,"enemies":"Snake Plant","floor":24,"turns":4},{"damage":14,"enemies":"Book of Stabbing","floor":27,"turns":4},{"damage":9,"enemies":"Sentry and Sphere","floor":28,"turns":6},{"damage":0,"enemies":"3 Cultists","floor":29,"turns":2},{"damage":0,"enemies":"Chosen and Byrds","floor":31,"turns":4},{"damage":26,"enemies":"Automaton","floor":33,"turns":6},{"damage":13,"enemies":"3 Darklings","floor":35,"turns":3},{"damage":0,"enemies":"Orb Walker","floor":38,"turns":4},{"damage":0,"enemies":"Sphere and 2 Shapes","floor":39,"turns":4},{"damage":2,"enemies":"Nemesis","floor":40,"turns":7},{"damage":14,"enemies":"Giant Head","floor":42,"turns":5},{"damage":12,"enemies":"Maw","floor":44,"turns":7},{"damage":25,"enemies":"Jaw Worm Horde","floor":45,"turns":2}],"green_key_taken_log":42,"seed_played":"8905357743810428739","neow_bonus_log":{"cardsObtained":["Slice","Bane"],"cardsUpgraded":[],"cardsRemoved":[],"cardsTransformed":["Strike_G","Defend_G"],"relicsObtained":[],"maxHpGained":0,"goldGained":0,"damageTaken":0,"goldLost":0,"maxHpLost":6},"potions_obtained":[{"floor":4.0,"key":"Explosive Potion"},{"floor":7.0,"key":"Fire Potion"},{"floor":11.0,"key":"DuplicationPotion"},{"floor":16,"key":"Block Potion"},{"floor":18,"key":"PowerPotion"},{"floor":27,"key":"AttackPotion"},{"floor":28,"key":"AttackPotion"},{"floor":33,"key":"Block Potion"}],"is_trial":false,"path_per_floor":["M","M","?","M","$","E","M","E","T","R","M","$","E","?","R","B",null,"M","?","$","?","M","R","M","?","T","E","M","M","R","M","R","B",null,"M","?","$","M","M","E","R","E","T","M","M"],"character_chosen":"THE_SILENT","basemod:card_modifiers":[null,null,null,null,null,null,null,null,null,null,null,null,null,null,null,null,null,null,null,null,null,null,null,null,null,null,null,null,null,null,null],"items_purchased":["Fire Potion","Well Laid Plans","Deadly Poison","Footwork","Backflip","Tactician","Strength Potion"],"campfire_rested":2,"item_purchase_floors":[5,5,12,12,12,37,37],"current_hp_per_floor":[59,59,48,44,44,42,40,31,31,31,31,31,31,31,31,31,60,50,50,50,30,21,43,36,36,36,22,13,13,35,35,35,9,59,46,46,46,46,46,44,44,30,30,18,0],"gold":116,"neow_bonus":"TRANSFORM_TWO_CARDS","is_prod":false,"is_daily":false,"rewards_skipped":[{"floor":24,"relics":[],"potions":["Fire Potion"]},{"floor":38,"relics":[],"potions":["ColorlessPotion"]},{"floor":39,"relics":[],"potions":["LiquidBronze"]},{"floor":40,"relics":[],"potions":["Dexterity Potion"]}],"chose_seed":false,"campfire_upgraded":4,"win_rate":0,"floor_exit_playtime":[83,143,151,192,213,359,472,519,525,553,590,621,799,831,848,1281,1443,1556,1727,1761,1785,2061,2070,2183,2198,2243,2409,2696,2760,2768,2855,2891,3176,3225,3333,3344,3387,3542,3780,4062,4113,4351,4361,4682],"timestamp":1710730827,"blue_key_relic_skipped_log":{"floor":43,"relicID":"FossilizedHelix"},"path_taken":["M","M","?","M","$","E","M","E","T","R","M","$","E","?","R","BOSS","M","?","?","?","M","R","M","?","T","E","M","M","R","?","R","BOSS","M","?","$","M","M","E","R","E","T","M","M"],"build_version":"2022-12-01","purchased_purges":2,"victory":false,"max_hp_per_floor":[60,60,60,60,60,70,70,70,70,70,70,70,70,70,70,70,70,70,70,70,75,75,75,75,75,75,75,75,75,75,75,75,75,75,75,75,75,75,75,75,75,75,75,75,75],"relic_stats":{"Centennial Puzzle":[9],"Gremlin Horn":[8,8],"counters":[25,110],"Ornamental Fan":[48],"Blue Candle":[2],"Bottled Lightning":"Crippling Poison","obtain_stats":[{"Runic Dome":34,"Anchor":9,"Centennial Puzzle":40,"Pear":6,"Gremlin Horn":8,"Ornamental Fan":27,"Blue Candle":42,"Red Mask":19,"Bottled Lightning":26,"Ring of the Serpent":17,"Ring of the Snake":0,"Pocketwatch":13},{"Runic Dome":18,"Anchor":6,"Centennial Puzzle":22,"Pear":4,"Gremlin Horn":6,"Ornamental Fan":14,"Blue Candle":23,"Red Mask":11,"Bottled Lightning":13,"Ring of the Serpent":9,"Ring of the Snake":0,"Pocketwatch":8},{"Runic Dome":78,"Anchor":25,"Centennial Puzzle":96,"Pear":18,"Gremlin Horn":25,"Ornamental Fan":60,"Blue Candle":101,"Red Mask":47,"Bottled Lightning":56,"Ring of the Serpent":42,"Ring of the Snake":0,"Pocketwatch":34}],"Pocketwatch":[67]},"card_choices":[{"not_picked":["Dodge and Roll","Prepared"],"picked":"Backflip","floor":1.0},{"not_picked":["Outmaneuver","Skewer"],"picked":"Calculated Gamble","floor":2.0},{"not_picked":["Backflip","Deflect"],"picked":"Slice","floor":4.0},{"not_picked":["Leg Sweep","Heel Hook"],"picked":"Catalyst","floor":6.0},{"not_picked":["Dagger Throw","Slice"],"picked":"Endless Agony","floor":7.0},{"not_picked":["Quick Slash","Underhanded Strike"],"picked":"Dagger Spray","floor":8.0},{"not_picked":["Infinite Blades","Dodge and Roll"],"picked":"Catalyst","floor":11.0},{"not_picked":["Dagger Spray","Dagger Throw"],"picked":"Grand Finale","floor":13},{"not_picked":["Glass Knife","A Thousand Cuts"],"picked":"Corpse Explosion","floor":16},{"not_picked":["Finisher","Dodge and Roll"],"picked":"Acrobatics","floor":18},{"not_picked":["Endless Agony","Acrobatics","Flying Knee+1"],"picked":"SKIP","floor":19},{"not_picked":["Prepared","Infinite Blades"],"picked":"Crippling Poison+1","floor":22},{"not_picked":["Sucker Punch","Predator+1","Prepared"],"picked":"SKIP","floor":24},{"not_picked":["Bouncing Flask","Dodge and Roll"],"picked":"Footwork+1","floor":27},{"not_picked":["Caltrops+1","Dagger Spray+1"],"picked":"Calculated Gamble","floor":28},{"not_picked":["Escape Plan","Bane"],"picked":"Burst","floor":29},{"not_picked":["Poisoned Stab","Dagger Spray","Dagger Throw"],"picked":"SKIP","floor":31},{"not_picked":["Glass Knife","Corpse Explosion"],"picked":"Malaise","floor":33},{"not_picked":["All Out Attack+1","Underhanded Strike","Deadly Poison"],"picked":"SKIP","floor":35},{"not_picked":["All Out Attack","Prepared","Cloak And Dagger"],"picked":"SKIP","floor":38},{"not_picked":["Dagger Spray","Distraction"],"picked":"Calculated Gamble+1","floor":39},{"not_picked":["Masterful Stab+1","Caltrops","Footwork"],"picked":"SKIP","floor":40},{"not_picked":["Die Die Die","Prepared"],"picked":"PiercingWail","floor":42},{"not_picked":["Underhanded Strike","Dash","Deadly Poison"],"picked":"SKIP","floor":44}],"player_experience":100290,"relics_obtained":[{"floor":6.0,"key":"Pear"},{"floor":8.0,"key":"Gremlin Horn"},{"floor":9.0,"key":"Anchor"},{"floor":13,"key":"Pocketwatch"},{"floor":19,"key":"Red Mask"},{"floor":26,"key":"Bottled Lightning"},{"floor":27,"key":"Ornamental Fan"},{"floor":40,"key":"Centennial Puzzle"},{"floor":42,"key":"Blue Candle"}],"event_choices":[{"damage_healed":0.0,"max_hp_gain":0.0,"max_hp_loss":0.0,"gold_gain":0.0,"event_name":"Scrap Ooze","player_choice":"Fled","floor":3.0,"gold_loss":0.0,"damage_taken":11.0},{"cards_removed":["Strike_G"],"damage_healed":0,"gold_gain":0,"player_choice":"Offered Basic","damage_taken":0,"max_hp_gain":0,"max_hp_loss":0,"event_name":"Bonfire Elementals","floor":14,"gold_loss":0},{"damage_healed":0,"gold_gain":0,"player_choice":"Fought Bandits","damage_taken":0,"max_hp_gain":0,"max_hp_loss":0,"event_name":"Masked Bandits","floor":19,"gold_loss":0},{"damage_healed":0,"gold_gain":0,"player_choice":"Shed Blood","damage_taken":25,"max_hp_gain":5,"max_hp_loss":0,"event_name":"Forgotten Altar","floor":21,"gold_loss":0},{"damage_healed":0,"gold_gain":0,"player_choice":"Bet on Murderer","damage_taken":0,"max_hp_gain":0,"max_hp_loss":0,"event_name":"The Joust","floor":25,"gold_loss":50},{"cards_removed":["Slice"],"damage_healed":0,"gold_gain":0,"player_choice":"Removed Attack","damage_taken":0,"max_hp_gain":0,"max_hp_loss":0,"event_name":"Falling","floor":36,"gold_loss":0}],"is_beta":false,"boss_relics":[{"not_picked":["Snecko Eye","Calling Bell"],"picked":"Ring of the Serpent"},{"not_picked":["Velvet Choker","Busted Crown"],"picked":"Runic Dome"}],"items_purged_floors":[20,37],"is_endless":false,"potions_floor_spawned":[4,7,11,16,18,24,27,28,33,38,39,40],"killed_by":"Jaw Worm Horde","ascension_level":20,"potion_discard_per_floor":[[],[],[],[],[],[],[],[],[],[],[],[],[],[],[],[],[],[],[],[],[],[],[],[],[],[],[],[],[],[],[],[],[],[],[],[],[],[],[],[],[],[],[],[],[]]}