{"neow_bonuses_skipped_log":["TEN_PERCENT_HP_BONUS","TRANSFORM_TWO_CARDS","BOSS_RELIC"],"potions_obtained_entropic_brew":[[],[],[],[],[],[],[],[],[],[],[],[],[],[],[],[],[],[],[],[],[],[],[],[],[],[],[],[],[],[],[],[],[]],"neow_costs_skipped_log":["NONE","CURSE","NONE"],"gold_per_floor":[113,125,135,147,159,159,159,309,336,100,100,150,176,188,188,265,265,276,292,207,227,227,227,29,57,57,57,57,70,80,91,91,91],"floor_reached":33,"playtime":4324,"items_purged":["Doubt","Defend_G"],"score":588,"play_id":"d6037f24-6ef6-4f42-83bf-063fd9e8e138","local_time":"20240311131211","score_breakdown":["Floors Climbed (33): 165","Enemies Slain (12): 24","Exordium Elites Killed (1): 10","City Elites Killed (1): 20","Bosses Slain (1): 50","Overkill: 25","Ascension (20): 294"],"is_ascension_mode":true,"potions_obtained_alchemize":[[],[],[],[],[],[],[],[],[],[],[],[],[],[],[],[],[],[],[],[],[],[],[],[],[],[],[],[],[],[],[],[],[]],"campfire_choices":[{"data":"Poisoned Stab","floor":7.0,"key":"SMITH"},{"floor":11.0,"key":"REST"},{"data":"A Thousand Cuts","floor":15.0,"key":"SMITH"},{"floor":23,"key":"REST"},{"floor":28,"key":"REST"},{"data":"Calculated Gamble","floor":32,"key":"SMITH"}],"lesson_learned_per_floor":[[],[],[],[],[],[],[],[],[],[],[],[],[],[],[],[],[],[],[],[],[],[],[],[],[],[],[],[],[],[],[],[],[]],"neow_cost":"NONE","improvable_cards":{},"seed_source_timestamp":0,"shop_contents":[{"floor":10,"relics":["Bronze Scales","Kunai","TwistedFunnel"],"cards":["Die Die Die","Catalyst","Blade Dance","Infinite Blades","Enlightenment","Secret Weapon"],"potions":["EssenceOfSteel","Swift Potion"]},{"floor":24,"relics":["Orichalcum","Matryoshka","HandDrill"],"cards":["Slice","Die Die Die","Tools of the Trade","Jack Of All Trades","Chrysalis"],"potions":["SpeedPotion","CunningPotion","Strength Potion"]}],"circlet_count":0,"master_deck":["AscendersBane","Strike_G","Strike_G","Strike_G","Strike_G","Defend_G","Defend_G","Defend_G","Defend_G","Survivor","Neutralize","A Thousand Cuts+1","Poisoned Stab+1","Backflip","Poisoned Stab","PiercingWail","Glass Knife","Acrobatics","Corpse Explosion","Calculated Gamble+1","Acrobatics","Leg Sweep","Backstab+1","Blade Dance","Reflex","Blade Dance","Blur"],"special_seed":0,"potion_use_per_floor":[[],[],[],[],[],[],[],[],[],[],[],[],[],[],[],[],[],[],[],[],["LiquidMemories"],[],[],[],[],[],[],[],[],[],[],[],["Ancient Potion"]],"relics":["Ring of the Snake","Akabeko","Regal Pillow","Sozu","Oddly Smooth Stone","Dream Catcher","HornCleat"],"potions_floor_usage":[21,33],"damage_taken":[{"damage":0.0,"enemies":"2 Louse","floor":1.0,"turns":4.0},{"damage":1.0,"enemies":"Jaw Worm","floor":2.0,"turns":4.0},{"damage":7.0,"enemies":"Small Slimes","floor":3.0,"turns":6.0},{"damage":4.0,"enemies":"Gremlin Gang","floor":4.0,"turns":9.0},{"damage":17.0,"enemies":"Exordium Thugs","floor":5.0,"turns":8.0},{"damage":12.0,"enemies":"Lagavulin","floor":13.0,"turns":7.0},{"damage":0.0,"enemies":"3 Louse","floor":14.0,"turns":3.0},{"damage":5.0,"enemies":"The Guardian","floor":16.0,"turns":15.0},{"damage":24.0,"enemies":"Spheric Guardian","floor":18.0,"turns":5.0},{"damage":0.0,"enemies":"Chosen","floor":19.0,"turns":4.0},{"damage":16,"enemies":"Shelled Parasite and Fungi","floor":21,"turns":3},{"damage":43,"enemies":"Slavers","floor":25,"turns":4},{"damage":11,"enemies":"Cultist and Chosen","floor":29,"turns":7},{"damage":0,"enemies":"3 Cultists","floor":30,"turns":3},{"damage":12,"enemies":"Snecko","floor":31,"turns":5},{"damage":19,"enemies":"Champ","floor":33,"turns":13}],"seed_played":"1587742646001754507","neow_bonus_log":{"cardsObtained":["A Thousand Cuts"],"cardsUpgraded":[],"cardsRemoved":[],"cardsTransformed":[],"relicsObtained":[],"maxHpGained":0,"goldGained":0,"damageTaken":0,"goldLost":0,"maxHpLost":0},"potions_obtained":[{"floor":3.0,"key":"LiquidMemories"}],"is_trial":false,"path_per_floor":["M","M","M","M","M","?","R","?","T","$","R","?","E","M","R","B",null,"M","M","?","M","?","R","$","E","T","?","R","M","M","M","R","B"],"character_chosen":"THE_SILENT","basemod:card_modifiers":[null,null,null,null,null,null,null,null,null,null,null,null,null,null,null,null,null,null,null,null,null,null,null,null,null,null,null],"items_purchased":["Ancient Potion","Glass Knife","Acrobatics","Leg Sweep"],"campfire_rested":3,"item_purchase_floors":[10,10,24,24],"current_hp_per_floor":[59,58,51,47,30,23,23,23,23,23,42,42,30,30,30,25,56,32,32,32,16,16,50,50,7,7,7,41,30,30,18,18,0],"gold":91,"neow_bonus":"ONE_RANDOM_RARE_CARD","is_prod":false,"is_daily":false,"rewards_skipped":[{"floor":13,"relics":[],"potions":["SkillPotion"]},{"floor":18,"relics":[],"potions":["Poison Potion"]},{"floor":19,"relics":[],"potions":["Fire Potion"]},{"floor":29,"relics":[],"potions":["LiquidMemories"]},{"floor":31,"relics":[],"potions":["GamblersBrew"]}],"chose_seed":false,"campfire_upgraded":3,"win_rate":0,"floor_exit_playtime":[156,235,325,546,747,762,778,787,790,857,966,978,1103,1218,1234,1442,2987,3190,3302,3311,3361,3365,3369,3478,3709,3715,3743,3765,3883,3971,4055,4089],"timestamp":1710177131,"path_taken":["M","M","M","M","M","?","R","?","T","$","R","?","E","M","R","BOSS","M","M","?","M","?","R","$","E","T","?","R","M","M","?","R","BOSS"],"build_version":"2022-12-01","purchased_purges":2,"victory":false,"max_hp_per_floor":[66,66,66,66,66,66,66,66,66,66,66,66,66,66,66,66,66,66,66,66,66,66,66,66,66,66,66,66,66,66,66,66,66],"relic_stats":{"Sozu":2,"Regal Pillow":30,"Dream Catcher":1,"counters":[16,100],"obtain_stats":[{"Sozu":17,"Regal Pillow":13,"Dream Catcher":25,"HornCleat":26,"Oddly Smooth Stone":20,"Akabeko":9,"Ring of the Snake":0},{"Sozu":8,"Regal Pillow":6,"Dream Catcher":12,"HornCleat":12,"Oddly Smooth Stone":10,"Akabeko":5,"Ring of the Snake":0},{"Sozu":56,"Regal Pillow":38,"Dream Catcher":72,"HornCleat":72,"Oddly Smooth Stone":65,"Akabeko":31,"Ring of the Snake":0}],"Ring of the Snake":[32]},"card_choices":[{"not_picked":["Prepared","Infinite Blades"],"picked":"Poisoned Stab","floor":1.0},{"not_picked":["Prepared","Slice"],"picked":"Backflip","floor":2.0},{"not_picked":["Dagger Throw","Setup"],"picked":"Poisoned Stab","floor":3.0},{"not_picked":["Finisher","Deflect","Concentrate"],"picked":"SKIP","floor":4.0},{"not_picked":["Concentrate","Choke"],"picked":"PiercingWail","floor":5.0},{"not_picked":["Backflip","Blade Dance"],"picked":"Acrobatics","floor":13.0},{"not_picked":["All Out Attack","Glass Knife","Reflex"],"picked":"SKIP","floor":14.0},{"not_picked":["Bullet Time","Envenom"],"picked":"Corpse Explosion","floor":16.0},{"not_picked":["Masterful Stab","Deflect"],"picked":"Calculated Gamble","floor":18.0},{"not_picked":["Bane","Choke","Dagger Spray"],"picked":"SKIP","floor":19.0},{"not_picked":["Deflect","Dodge and Roll+1","Slice"],"picked":"SKIP","floor":21},{"not_picked":["Quick Slash","Skewer"],"picked":"Backstab+1","floor":25},{"not_picked":["Deadly Poison","Prepared"],"picked":"Blade Dance","floor":28},{"not_picked":["Slice","Dagger Throw"],"picked":"Reflex","floor":29},{"not_picked":["Storm of Steel","Bane"],"picked":"Blade Dance","floor":30},{"not_picked":["Flying Knee","Predator"],"picked":"Blur","floor":31}],"player_experience":151785,"relics_obtained":[{"floor":9.0,"key":"Akabeko"},{"floor":13.0,"key":"Regal Pillow"},{"floor":25,"key":"Dream Catcher"},{"floor":26,"key":"HornCleat"}],"event_choices":[{"cards_removed":["Strike_G"],"damage_healed":0.0,"max_hp_gain":0.0,"max_hp_loss":0.0,"gold_gain":0.0,"event_name":"Golden Wing","player_choice":"Card Removal","floor":6.0,"gold_loss":0.0,"damage_taken":7.0},{"damage_healed":0.0,"max_hp_gain":0.0,"max_hp_loss":0.0,"gold_gain":150.0,"event_name":"Liars Game","player_choice":"AGREE","floor":8.0,"gold_loss":0.0,"damage_taken":0.0,"cards_obtained":["Doubt"]},{"damage_healed":0.0,"max_hp_gain":0.0,"max_hp_loss":0.0,"gold_gain":50.0,"event_name":"Golden Shrine","player_choice":"Pray","floor":12.0,"gold_loss":0.0,"damage_taken":0.0},{"damage_healed":0.0,"max_hp_gain":0.0,"max_hp_loss":0.0,"gold_gain":0.0,"event_name":"Addict","player_choice":"Obtained Relic","floor":20.0,"gold_loss":85.0,"damage_taken":0.0,"relics_obtained":["Oddly Smooth Stone"]},{"damage_healed":0,"gold_gain":0,"player_choice":"Ignored","damage_taken":0,"max_hp_gain":0,"max_hp_loss":0,"event_name":"The Mausoleum","floor":22,"gold_loss":0},{"damage_healed":0,"gold_gain":0,"player_choice":"Leave","damage_taken":0,"max_hp_gain":0,"max_hp_loss":0,"event_name":"FaceTrader","floor":27,"gold_loss":0}],"is_beta":false,"boss_relics":[{"not_picked":["Astrolabe","Tiny House"],"picked":"Sozu"}],"items_purged_floors":[10,24],"is_endless":false,"potions_floor_spawned":[3,13,18,19,29,31],"killed_by":"Champ","ascension_level":20,"potion_discard_per_floor":[[],[],[],[],[],[],[],[],[],[],[],[],[],[],[],[],[],[],[],[],[],[],[],[],[],[],[],[],[],[],[],[],[]]}