{"neow_bonuses_skipped_log":["TEN_PERCENT_HP_BONUS","REMOVE_TWO","BOSS_RELIC"],"potions_obtained_entropic_brew":[[],[],[],[],[],[],[],[],[],[],[],[],[],[],[],[],[],[],[],[],[],[],[],[],[],[],[],[],[],[],[],[],[],[],[],[],[],[],[],[]],"neow_costs_skipped_log":["NONE","NO_GOLD","NONE"],"gold_per_floor":[112,122,122,140,12,39,57,57,57,57,57,57,69,84,84,155,155,169,169,169,65,79,79,92,110,110,110,123,154,154,167,167,238,238,253,270,50,50,68,68],"floor_reached":40,"playtime":5455,"items_purged":["Defend_G","Defend_G"],"score":845,"play_id":"be7bbed7-e4e3-4cc3-b4dd-0b4e5959c404","local_time":"20240317111830","score_breakdown":["Floors Climbed (40): 200","Enemies Slain (15): 30","Exordium Elites Killed (1): 10","City Elites Killed (1): 20","Beyond Elites Killed (0): 0","Bosses Slain (2): 150","Collector (1): 25","Ascension (20): 410"],"is_ascension_mode":true,"potions_obtained_alchemize":[[],[],[],[],[],[],[],[],[],[],[],[],[],[],[],[],[],[],[],[],[],[],[],[],[],[],[],[],[],[],[],[],[],[],[],[],[],[],[],[]],"campfire_choices":[{"data":"Eviscerate","floor":8.0,"key":"SMITH"},{"floor":10.0,"key":"REST"},{"floor":15.0,"key":"REST"},{"data":"After Image","floor":23.0,"key":"SMITH"},{"data":"Prepared","floor":27.0,"key":"SMITH"},{"data":"Wraith Form v2","floor":32.0,"key":"SMITH"}],"lesson_learned_per_floor":[[],[],[],[],[],[],[],[],[],[],[],[],[],[],[],[],[],[],[],[],[],[],[],[],[],[],[],[],[],[],[],[],[],[],[],[],[],[],[],[]],"neow_cost":"NONE","improvable_cards":{},"seed_source_timestamp":0,"shop_contents":[{"floor":5,"relics":["TungstenRod","Vajra","Cauldron"],"cards":["Sucker Punch","Expertise","Setup","Well Laid Plans","Impatience","HandOfGreed"],"potions":["Block Potion","Ancient Potion"]},{"floor":21,"relics":["Ginger","War Paint","Sling"],"cards":["All Out Attack","Glass Knife","Cloak And Dagger","Dodge and Roll","Noxious Fumes","Forethought","HandOfGreed"],"potions":["Dexterity Potion","Energy Potion","LiquidBronze"]},{"floor":37,"relics":["Blood Vial","Du-Vu Doll","Frozen Eye"],"cards":["Dagger Throw","Flying Knee","Backflip","Concentrate","Accuracy","Flash of Steel","Master of Strategy"],"potions":["Regen Potion","Fire Potion","EssenceOfSteel"]}],"circlet_count":0,"master_deck":["AscendersBane","Defend_G","Defend_G","Survivor","Neutralize","Unload","Eviscerate+1","Caltrops","Blade Dance","Predator+1","Noxious Fumes+1","Adrenaline","After Image+1","Prepared+1","After Image","Leg Sweep","Bite","Bite","Bite","Bite","Backflip","Blade Dance+1","Expertise+1","Prepared","J.A.X.","Wraith Form v2+1","Night Terror","PiercingWail","Escape Plan","After Image","Dark Shackles","Impatience","Dark Shackles","Crippling Poison"],"special_seed":0,"potion_use_per_floor":[[],[],[],[],[],["DistilledChaos"],[],[],[],[],[],[],[],[],[],["LiquidBronze"],[],[],[],[],[],["FearPotion"],[],[],[],[],[],[],["BlessingOfTheForge"],[],[],[],["BlessingOfTheForge"],[],[],[],[],[],[],["LiquidMemories","LiquidBronze"]],"relics":["Ring of the Snake","Shuriken","The Courier","Cursed Key","Empty Cage"],"potions_floor_usage":[40,40],"damage_taken":[{"damage":3.0,"enemies":"2 Louse","floor":1.0,"turns":3.0},{"damage":5.0,"enemies":"Small Slimes","floor":2.0,"turns":5.0},{"damage":0.0,"enemies":"Cultist","floor":4.0,"turns":3.0},{"damage":12.0,"enemies":"3 Sentries","floor":6.0,"turns":6.0},{"damage":13.0,"enemies":"3 Louse","floor":7.0,"turns":4.0},{"damage":0.0,"enemies":"Gremlin Gang","floor":13.0,"turns":5.0},{"damage":0.0,"enemies":"Blue Slaver","floor":14.0,"turns":3.0},{"damage":23.0,"enemies":"Hexaghost","floor":16.0,"turns":8.0},{"damage":2.0,"enemies":"3 Byrds","floor":18.0,"turns":2.0},{"damage":3.0,"enemies":"Spheric Guardian","floor":22.0,"turns":3.0},{"damage":26.0,"enemies":"Chosen and Byrds","floor":24.0,"turns":6.0},{"damage":17.0,"enemies":"Snake Plant","floor":25.0,"turns":5.0},{"damage":4.0,"enemies":"Centurion and Healer","floor":28.0,"turns":14.0},{"damage":3.0,"enemies":"Gremlin Leader","floor":29.0,"turns":8.0},{"damage":8.0,"enemies":"Shelled Parasite and Fungi","floor":31.0,"turns":5.0},{"damage":36.0,"enemies":"Collector","floor":33.0,"turns":11.0},{"damage":6,"enemies":"Orb Walker","floor":35,"turns":4},{"damage":12,"enemies":"3 Darklings","floor":36,"turns":6},{"damage":27,"enemies":"Spire Growth","floor":39,"turns":6},{"damage":31,"enemies":"Reptomancer","floor":40,"turns":6}],"seed_played":"1930388806116481955","neow_bonus_log":{"cardsObtained":["Unload"],"cardsUpgraded":[],"cardsRemoved":[],"cardsTransformed":[],"relicsObtained":[],"maxHpGained":0,"goldGained":0,"damageTaken":0,"goldLost":0,"maxHpLost":0},"potions_obtained":[{"floor":7.0,"key":"Dexterity Potion"},{"floor":13.0,"key":"LiquidBronze"},{"floor":16.0,"key":"FearPotion"},{"floor":18.0,"key":"BlessingOfTheForge"},{"floor":28.0,"key":"LiquidBronze"},{"floor":31.0,"key":"BlessingOfTheForge"},{"floor":33,"key":"SteroidPotion"},{"floor":36,"key":"LiquidMemories"}],"is_trial":false,"path_per_floor":["M","M","?","M","$","E","M","R","T","R","?","?","M","M","R","B",null,"M","?","?","$","M","R","M","M","T","R","M","E","?","M","R","B",null,"M","M","$","?","M","E"],"character_chosen":"THE_SILENT","basemod:card_modifiers":[null,null,null,null,null,null,null,null,null,null,null,null,null,null,null,null,null,null,null,null,null,null,null,null,null,null,null,null,null,null,null,null,null,null],"items_purchased":["DistilledChaos","Predator","Backflip","After Image","Dark Shackles"],"campfire_rested":2,"item_purchase_floors":[5,5,21,37,37],"current_hp_per_floor":[56,51,40,40,40,28,15,15,15,34,14,14,14,14,33,10,52,50,46,35,35,38,38,26,21,21,21,51,51,51,49,49,38,48,46,42,42,32,23,0],"gold":68,"neow_bonus":"ONE_RANDOM_RARE_CARD","is_prod":false,"is_daily":false,"rewards_skipped":[],"chose_seed":false,"campfire_upgraded":4,"win_rate":0,"floor_exit_playtime":[1359,1435,1457,1541,1560,1676,1754,1772,1782,1786,1795,1820,1944,2001,2007,2175,2271,2354,2369,2395,2527,2685,2715,2827,2986,2994,3186,3457,3750,3773,4015,4025,4427,4513,4620,4840,4918,5005,5209],"timestamp":1710688710,"blue_key_relic_skipped_log":{"floor":9,"relicID":"CeramicFish"},"path_taken":["M","M","?","M","$","E","M","R","T","R","?","?","M","M","R","BOSS","M","?","?","?","M","R","M","?","T","R","M","E","?","M","R","BOSS","M","M","$","?","M","E"],"build_version":"2022-12-01","purchased_purges":2,"victory":false,"max_hp_per_floor":[66,66,66,66,66,66,66,66,66,66,66,66,66,66,66,66,66,66,46,51,51,51,51,51,51,51,51,51,51,51,51,51,51,51,51,51,51,51,51,51],"relic_stats":{"counters":[20,113],"Shuriken":[21],"The Courier":81,"Cursed Key":0,"obtain_stats":[{"Shuriken":29,"The Courier":6,"Cursed Key":17,"Empty Cage":34,"Ring of the Snake":0},{"Shuriken":14,"The Courier":4,"Cursed Key":8,"Empty Cage":16,"Ring of the Snake":0},{"Shuriken":75,"The Courier":17,"Cursed Key":37,"Empty Cage":91,"Ring of the Snake":0}],"Ring of the Snake":[40]},"card_choices":[{"not_picked":["Underhanded Strike","Sucker Punch"],"picked":"Eviscerate","floor":1.0},{"not_picked":["Finisher","Accuracy"],"picked":"Caltrops","floor":2.0},{"not_picked":["Cloak And Dagger","Outmaneuver"],"picked":"Blade Dance","floor":4.0},{"not_picked":["Prepared","Bane"],"picked":"Noxious Fumes","floor":6.0},{"not_picked":["Outmaneuver","Riddle With Holes"],"picked":"Adrenaline","floor":7.0},{"not_picked":["Dagger Throw","Poisoned Stab"],"picked":"Prepared","floor":13.0},{"not_picked":["Finisher","Outmaneuver","Sucker Punch"],"picked":"SKIP","floor":14.0},{"not_picked":["Unload","Bullet Time"],"picked":"After Image","floor":16.0},{"not_picked":["Masterful Stab","Crippling Poison"],"picked":"Leg Sweep","floor":18.0},{"not_picked":["Flechettes","Dagger Spray","Underhanded Strike"],"picked":"SKIP","floor":22.0},{"not_picked":["Poisoned Stab+1","Finisher"],"picked":"Blade Dance+1","floor":24.0},{"not_picked":["Prepared","Distraction"],"picked":"Expertise+1","floor":25.0},{"not_picked":["Underhanded Strike","Sucker Punch"],"picked":"Prepared","floor":28.0},{"not_picked":["Outmaneuver","Dodge and Roll","Flying Knee"],"picked":"SKIP","floor":29.0},{"not_picked":["Skewer","Deflect"],"picked":"Wraith Form v2","floor":31.0},{"not_picked":["Tools of the Trade","Burst"],"picked":"Night Terror","floor":33},{"not_picked":["Sucker Punch+1","Footwork"],"picked":"PiercingWail","floor":35},{"not_picked":["Caltrops","Slice"],"picked":"Escape Plan","floor":36},{"not_picked":["Dark Shackles","Violence"],"picked":"Impatience","floor":38},{"not_picked":["Bandage Up","Impatience"],"picked":"Dark Shackles","floor":38},{"not_picked":["Blind","Good Instincts","Magnetism"],"picked":"SKIP","floor":38},{"not_picked":["Blade Dance","Poisoned Stab"],"picked":"Crippling Poison","floor":39}],"player_experience":105502,"relics_obtained":[{"floor":6.0,"key":"The Courier"},{"floor":29.0,"key":"Shuriken"}],"event_choices":[{"damage_healed":0.0,"max_hp_gain":0.0,"max_hp_loss":0.0,"gold_gain":0.0,"event_name":"Scrap Ooze","player_choice":"Fled","floor":3.0,"gold_loss":0.0,"damage_taken":11.0},{"damage_healed":0.0,"max_hp_gain":0.0,"max_hp_loss":0.0,"gold_gain":0.0,"event_name":"Shining Light","player_choice":"Entered Light","floor":11.0,"gold_loss":0.0,"damage_taken":20.0,"cards_upgraded":["Noxious Fumes","Predator"]},{"damage_healed":0.0,"max_hp_gain":0.0,"max_hp_loss":0.0,"gold_gain":0.0,"cards_transformed":["Strike_G"],"event_name":"Transmorgrifier","player_choice":"Transformed","floor":12.0,"gold_loss":0.0,"damage_taken":0.0,"cards_obtained":["After Image"]},{"damage_healed":0.0,"max_hp_gain":0.0,"max_hp_loss":20.0,"gold_gain":0.0,"event_name":"Vampires","player_choice":"Became a vampire","floor":19.0,"gold_loss":0.0,"damage_taken":0.0,"cards_obtained":["Bite","Bite","Bite","Bite","Bite"]},{"damage_healed":0.0,"max_hp_gain":5.0,"max_hp_loss":0.0,"gold_gain":0.0,"event_name":"Forgotten Altar","player_choice":"Shed Blood","floor":20.0,"gold_loss":0.0,"damage_taken":16.0},{"damage_healed":0.0,"max_hp_gain":0.0,"max_hp_loss":0.0,"gold_gain":0.0,"event_name":"Drug Dealer","player_choice":"Obtain J.A.X.","floor":30.0,"gold_loss":0.0,"damage_taken":0.0,"cards_obtained":["J.A.X."]},{"damage_healed":0,"gold_gain":0,"player_choice":"Memory 3","damage_taken":10,"max_hp_gain":0,"max_hp_loss":0,"event_name":"SensoryStone","floor":38,"gold_loss":0}],"is_beta":false,"boss_relics":[{"not_picked":["Velvet Choker","Coffee Dripper"],"picked":"Cursed Key"},{"not_picked":["Runic Dome","Pandora\u0027s Box"],"picked":"Empty Cage"}],"items_purged_floors":[21,37],"is_endless":false,"potions_floor_spawned":[7,13,16,18,28,31,33,36],"killed_by":"Reptomancer","ascension_level":20,"potion_discard_per_floor":[[],[],[],[],[],[],[],[],[],[],[],[],[],[],[],[],[],["Dexterity Potion"],[],[],[],[],[],[],[],[],[],[],[],[],[],[],[],[],[],["SteroidPotion"],[],[],[],[]]}