{"neow_bonuses_skipped_log":["ONE_RANDOM_RARE_CARD","ONE_RARE_RELIC","BOSS_RELIC"],"potions_obtained_entropic_brew":[[],[],[],[],[],[],[],[],[],[],[],[],[],[],[],[],[],[],[],[],[],[],[],[],[],[],[],[],[],[],[],[],[],[],[],[],[],[],[],[],[],[],[],[],[],[],[],[],[],[],[],[],[],[],[],[],[]],"neow_costs_skipped_log":["NONE","NO_GOLD","NONE"],"gold_per_floor":[219,36,48,48,64,90,90,124,124,124,139,139,159,179,179,257,257,267,267,280,205,48,48,79,90,115,115,131,31,42,57,57,134,134,146,421,421,446,45,45,78,78,127,142,142,117,142,173,173,173,173,173,173,11,44,44],"floor_reached":57,"playtime":8701,"items_purged":["Strike_G","Defend_G","Defend_G"],"score":2961,"play_id":"50b2da6d-05fb-46ca-befd-06575a44ca7f","local_time":"20240312115004","falling_options_log":["Acrobatics","Footwork+1"],"score_breakdown":["Floors Climbed (57): 285","Enemies Slain (14): 28","Exordium Elites Killed (2): 20","City Elites Killed (1): 20","Beyond Elites Killed (3): 90","Bosses Slain (5): 750","Money Money (1048): 25","Champion (3): 75","Perfect (1): 50","Overkill: 25","Ascension (20): 1343","Heartbreaker: 250"],"is_ascension_mode":true,"potions_obtained_alchemize":[[],[],[],[],[],[],[],[],[],[],[],[],[],[],[],[],[],[],[],[],[],[],[],[],[],[],[],[],[],[],[],[],[],[],[],[],[],[],[],[],[],[],[],[],[],[],[],[],[],[],[],[],[],[],[],[],[]],"campfire_choices":[{"data":"All Out Attack","floor":7.0,"key":"SMITH"},{"floor":10.0,"key":"REST"},{"data":"Calculated Gamble","floor":15.0,"key":"SMITH"},{"data":"Ghostly","floor":23.0,"key":"SMITH"},{"data":"Ghostly","floor":27.0,"key":"SMITH"},{"floor":32.0,"key":"REST"},{"data":"Phantasmal Killer","floor":40,"key":"SMITH"},{"floor":42,"key":"RECALL"},{"data":"Neutralize","floor":45,"key":"SMITH"},{"data":"Acrobatics","floor":49,"key":"SMITH"},{"data":"Ghostly","floor":53,"key":"SMITH"}],"lesson_learned_per_floor":[[],[],[],[],[],[],[],[],[],[],[],[],[],[],[],[],[],[],[],[],[],[],[],[],[],[],[],[],[],[],[],[],[],[],[],[],[],[],[],[],[],[],[],[],[],[],[],[],[],[],[],[],[],[],[],[],[]],"neow_cost":"NONE","improvable_cards":{},"seed_source_timestamp":0,"shop_contents":[{"floor":2,"relics":["Akabeko","Molten Egg 2","TheAbacus"],"cards":["Slice","Cloak And Dagger","Distraction","Accuracy","Blind","Thinking Ahead"],"potions":["Weak Potion","Dexterity Potion"]},{"floor":22,"relics":["Centennial Puzzle","Dead Branch"],"cards":["Eviscerate","Quick Slash","Corpse Explosion","Distraction","Tools of the Trade+1","Good Instincts","Violence"],"potions":["Fire Potion","DuplicationPotion","Swift Potion"]},{"floor":29,"relics":["Ginger","Turnip","Frozen Eye"],"cards":["Die Die Die","Sucker Punch","Escape Plan","Deadly Poison","Caltrops+1","Trip","Thinking Ahead"],"potions":["Strength Potion","Fire Potion","CunningPotion"]},{"floor":39,"relics":["Oddly Smooth Stone","PrismaticShard"],"cards":["Slice","Unload","Cloak And Dagger","Tactician","Enlightenment","Master of Strategy"],"potions":["FearPotion","Explosive Potion","Dexterity Potion"]},{"floor":46,"relics":["PreservedInsect","White Beast Statue","Sling"],"cards":["Finisher","Riddle With Holes","Blade Dance","Noxious Fumes+1","Trip","Chrysalis"],"potions":["Energy Potion","SkillPotion","Explosive Potion"]},{"floor":54,"relics":["Anchor","Boot","Membership Card"],"cards":["Poisoned Stab","Quick Slash","Blade Dance+1","After Image+1","Mind Blast","Panache+1"],"potions":["CunningPotion","GamblersBrew","Explosive Potion"]}],"circlet_count":0,"master_deck":["AscendersBane","Strike_G","Strike_G","Defend_G","Defend_G","Survivor","Neutralize+1","Terror","Dagger Throw","All Out Attack+1","Calculated Gamble+1","Deadly Poison","Footwork+1","Bouncing Flask","Footwork+1","Phantasmal Killer+1","Well Laid Plans+1","Ghostly+1","Ghostly+1","Ghostly+1","Backflip","Acrobatics+1","Tools of the Trade+1","Dodge and Roll+1","PiercingWail+1","Footwork+1","Adrenaline","Blur","PiercingWail","Grand Finale","Prepared+1","Expertise+1","Adrenaline+1"],"special_seed":0,"potion_use_per_floor":[[],[],[],[],[],["DuplicationPotion","PowerPotion"],[],[],[],[],[],[],[],[],[],[],[],["Weak Potion"],[],[],[],[],[],["Energy Potion"],[],[],[],[],[],[],["Block Potion"],[],["Fire Potion"],[],[],[],[],[],[],[],[],[],[],[],[],[],[],[],[],[],[],[],[],[],[],["Ancient Potion","DuplicationPotion"],[]],"relics":["Ring of the Snake","Question Card","Omamori","Art of War","Frozen Egg 2","HoveringKite","OrangePellets","Juzu Bracelet","Calling Bell","Bronze Scales","InkBottle","WingedGreaves","Tough Bandages","Calipers","Gambling Chip","Snake Skull","Lantern","Toxic Egg 2","Bag of Marbles"],"potions_floor_usage":[56,56],"damage_taken":[{"damage":1.0,"enemies":"Cultist","floor":1.0,"turns":4.0},{"damage":0.0,"enemies":"2 Louse","floor":3.0,"turns":3.0},{"damage":6.0,"enemies":"Jaw Worm","floor":5.0,"turns":5.0},{"damage":9.0,"enemies":"Gremlin Nob","floor":6.0,"turns":4.0},{"damage":22.0,"enemies":"Lagavulin","floor":8.0,"turns":7.0},{"damage":6.0,"enemies":"Red Slaver","floor":11.0,"turns":4.0},{"damage":0.0,"enemies":"2 Fungi Beasts","floor":13.0,"turns":3.0},{"damage":2.0,"enemies":"Large Slime","floor":14.0,"turns":7.0},{"damage":9.0,"enemies":"The Guardian","floor":16.0,"turns":10.0},{"damage":11.0,"enemies":"Spheric Guardian","floor":18.0,"turns":3.0},{"damage":24.0,"enemies":"3 Byrds","floor":20.0,"turns":4.0},{"damage":2.0,"enemies":"Gremlin Leader","floor":24.0,"turns":6.0},{"damage":2.0,"enemies":"Snecko","floor":25.0,"turns":6.0},{"damage":4.0,"enemies":"Shelled Parasite and Fungi","floor":28.0,"turns":9.0},{"damage":0.0,"enemies":"Centurion and Healer","floor":30.0,"turns":9.0},{"damage":0.0,"enemies":"Cultist and Chosen","floor":31.0,"turns":8.0},{"damage":8.0,"enemies":"Collector","floor":33.0,"turns":14.0},{"damage":0,"enemies":"3 Shapes","floor":35,"turns":9},{"damage":0,"enemies":"Mind Bloom Boss Battle","floor":38,"turns":7},{"damage":1,"enemies":"Giant Head","floor":41,"turns":12},{"damage":0,"enemies":"Orb Walker","floor":44,"turns":5},{"damage":0,"enemies":"Reptomancer","floor":47,"turns":9},{"damage":0,"enemies":"Nemesis","floor":48,"turns":9},{"damage":6,"enemies":"Time Eater","floor":50,"turns":15},{"damage":0,"enemies":"Donu and Deca","floor":51,"turns":12},{"damage":0,"enemies":"Shield and Spear","floor":55,"turns":9},{"damage":28,"enemies":"The Heart","floor":56,"turns":12}],"green_key_taken_log":48,"seed_played":"5061793982406113975","neow_bonus_log":{"cardsObtained":[],"cardsUpgraded":[],"cardsRemoved":[],"cardsTransformed":[],"relicsObtained":[],"maxHpGained":0,"goldGained":100,"damageTaken":0,"goldLost":0,"maxHpLost":0},"potions_obtained":[{"floor":3.0,"key":"DuplicationPotion"},{"floor":8.0,"key":"Weak Potion"},{"floor":13.0,"key":"Weak Potion"},{"floor":14.0,"key":"Energy Potion"},{"floor":18.0,"key":"Fire Potion"},{"floor":30.0,"key":"Block Potion"},{"floor":33,"key":"Fire Potion"},{"floor":38,"key":"Weak Potion"},{"floor":41,"key":"DuplicationPotion"},{"floor":48,"key":"Ancient Potion"}],"is_trial":false,"path_per_floor":["M","$","M","?","M","E","R","E","T","R","M","?","M","M","R","B",null,"M","?","M","?","$","R","E","M","T","R","M","$","M","M","R","B",null,"M","?","?","?","$","R","E","R","T","M","R","$","E","E","R","B","B",null,"R","$","E","B",null],"character_chosen":"THE_SILENT","basemod:card_modifiers":[null,null,null,null,null,null,null,null,null,null,null,null,null,null,null,null,null,null,null,null,null,null,null,null,null,null,null,null,null,null,null,null,null],"items_purchased":["PowerPotion","Dagger Throw","OrangePellets","Calipers","Footwork+1","PiercingWail","Expertise+1"],"campfire_rested":2,"item_purchase_floors":[2,2,22,39,39,46,54],"current_hp_per_floor":[58,58,58,47,41,32,32,10,10,29,23,16,16,14,14,5,51,40,33,9,9,9,9,7,5,5,5,1,1,1,1,10,2,25,25,25,25,25,25,25,24,24,24,24,24,24,24,24,24,18,18,29,29,29,29,1],"gold":44,"neow_bonus":"HUNDRED_GOLD","is_prod":false,"is_daily":false,"rewards_skipped":[{"floor":5,"relics":[],"potions":["Dexterity Potion"]},{"floor":55,"relics":[],"potions":["Block Potion"]}],"chose_seed":false,"campfire_upgraded":8,"win_rate":0,"floor_exit_playtime":[249,312,371,416,483,546,554,679,685,689,738,775,852,970,977,1202,1271,1398,1418,1651,1683,1952,1962,2228,2381,2392,2400,2741,2788,3101,3340,3352,4002,4253,4569,4581,4587,5052,5095,5117,5552,5558,5598,5823,5839,5903,6229,6497,6522,7073,7499,7513,7583,7717,8132,8701],"timestamp":1710258604,"blue_key_relic_skipped_log":{"floor":26,"relicID":"MawBank"},"path_taken":["M","$","M","?","M","E","R","E","T","R","?","?","M","M","R","BOSS","M","?","M","?","?","R","E","M","T","R","M","$","M","M","R","BOSS","M","?","?","?","$","R","E","R","T","M","R","?","E","E","R","BOSS","BOSS","R","$","E","BOSS"],"build_version":"2022-12-01","purchased_purges":3,"victory":true,"max_hp_per_floor":[66,66,66,66,66,66,66,66,66,66,66,66,66,66,66,66,66,66,33,33,33,33,33,33,33,33,33,33,33,33,33,33,33,33,33,33,33,33,33,33,33,33,33,33,33,33,33,33,33,33,33,33,33,33,33,33],"relic_stats":{"Calipers":[1260],"counters":[27,205],"HoveringKite":[144],"Snake Skull":[58],"Omamori":2,"Juzu Bracelet":0,"Question Card":24,"OrangePellets":[12],"Tough Bandages":[897],"Bronze Scales":[485],"Gambling Chip":[13],"WingedGreaves":3,"Art of War":[48],"obtain_stats":[{"Lantern":47,"Calipers":39,"HoveringKite":17,"Snake Skull":43,"Omamori":6,"Juzu Bracelet":24,"Frozen Egg 2":9,"Question Card":4,"Calling Bell":34,"OrangePellets":22,"Tough Bandages":38,"Bronze Scales":34,"Gambling Chip":41,"WingedGreaves":34,"Art of War":8,"Bag of Marbles":55,"Toxic Egg 2":48,"InkBottle":34,"Ring of the Snake":0},{"Lantern":22,"Calipers":19,"HoveringKite":9,"Snake Skull":20,"Omamori":4,"Juzu Bracelet":12,"Frozen Egg 2":5,"Question Card":2,"Calling Bell":17,"OrangePellets":11,"Tough Bandages":19,"Bronze Scales":17,"Gambling Chip":20,"WingedGreaves":17,"Art of War":5,"Bag of Marbles":26,"Toxic Egg 2":23,"InkBottle":17,"Ring of the Snake":0},{"Lantern":148,"Calipers":122,"HoveringKite":47,"Snake Skull":134,"Omamori":16,"Juzu Bracelet":60,"Frozen Egg 2":23,"Question Card":7,"Calling Bell":106,"OrangePellets":54,"Tough Bandages":122,"Bronze Scales":106,"Gambling Chip":134,"WingedGreaves":106,"Art of War":23,"Bag of Marbles":193,"Toxic Egg 2":157,"InkBottle":106,"Ring of the Snake":0}],"InkBottle":[50],"Ring of the Snake":[54]},"card_choices":[{"not_picked":["Acrobatics","Underhanded Strike"],"picked":"Terror","floor":1.0},{"not_picked":["Well Laid Plans","Underhanded Strike"],"picked":"All Out Attack","floor":3.0},{"not_picked":["Prepared","Dodge and Roll","Sucker Punch"],"picked":"Calculated Gamble","floor":5.0},{"not_picked":["Expertise","Dodge and Roll","Infinite Blades","Dagger Spray"],"picked":"SKIP","floor":6.0},{"not_picked":["Crippling Poison","Prepared","Night Terror"],"picked":"Deadly Poison","floor":8.0},{"not_picked":["Leg Sweep","Flechettes","Cloak And Dagger"],"picked":"Footwork+1","floor":11.0},{"not_picked":["Bane","Poisoned Stab","Prepared"],"picked":"Bouncing Flask","floor":13.0},{"not_picked":["Poisoned Stab","Deadly Poison","Underhanded Strike"],"picked":"Footwork+1","floor":14.0},{"not_picked":["A Thousand Cuts+1","Envenom+1","Tools of the Trade+1"],"picked":"Phantasmal Killer","floor":16.0},{"not_picked":["Distraction","Underhanded Strike+1","Flechettes"],"picked":"Well Laid Plans+1","floor":18.0},{"not_picked":["Deadly Poison","Leg Sweep","Flying Knee"],"picked":"Backflip","floor":20.0},{"not_picked":["Footwork+1","Dagger Spray","Cloak And Dagger"],"picked":"Acrobatics","floor":24.0},{"not_picked":["Backflip","All Out Attack","Dodge and Roll","Dash"],"picked":"SKIP","floor":25.0},{"not_picked":["Cloak And Dagger","Bane+1","Tactician","Accuracy+1"],"picked":"SKIP","floor":28.0},{"not_picked":["Dagger Throw","Bouncing Flask","Storm of Steel","Poisoned Stab"],"picked":"SKIP","floor":30.0},{"not_picked":["Poisoned Stab","Flechettes","Riddle With Holes","Underhanded Strike"],"picked":"SKIP","floor":31.0},{"not_picked":["Bullet Time","A Thousand Cuts+1","Corpse Explosion"],"picked":"Tools of the Trade+1","floor":33},{"not_picked":["Quick Slash","All Out Attack+1","Bane+1"],"picked":"Dodge and Roll+1","floor":35},{"not_picked":["Endless Agony","Prepared","Accuracy+1"],"picked":"PiercingWail+1","floor":38},{"not_picked":["Heel Hook+1","Deflect","Backflip"],"picked":"Adrenaline","floor":41},{"not_picked":["Finisher+1","Underhanded Strike","Deflect"],"picked":"Blur","floor":44},{"not_picked":["Deadly Poison+1","Underhanded Strike","Quick Slash"],"picked":"Grand Finale","floor":47},{"not_picked":["Blur+1","Quick Slash","A Thousand Cuts+1"],"picked":"Prepared+1","floor":48},{"not_picked":["Prepared+1","Bane","Underhanded Strike+1"],"picked":"Adrenaline+1","floor":55}],"player_experience":163119,"relics_obtained":[{"floor":6.0,"key":"Omamori"},{"floor":8.0,"key":"Art of War"},{"floor":9.0,"key":"Frozen Egg 2"},{"floor":24.0,"key":"Juzu Bracelet"},{"floor":34,"key":"Bronze Scales"},{"floor":34,"key":"InkBottle"},{"floor":34,"key":"WingedGreaves"},{"floor":38,"key":"Tough Bandages"},{"floor":41,"key":"Gambling Chip"},{"floor":43,"key":"Snake Skull"},{"floor":47,"key":"Lantern"},{"floor":48,"key":"Toxic Egg 2"},{"floor":55,"key":"Bag of Marbles"}],"event_choices":[{"damage_healed":0.0,"max_hp_gain":0.0,"max_hp_loss":0.0,"gold_gain":0.0,"event_name":"Scrap Ooze","player_choice":"Success","floor":4.0,"gold_loss":0.0,"damage_taken":11.0,"relics_obtained":["Question Card"]},{"cards_removed":["Defend_G"],"damage_healed":0.0,"max_hp_gain":0.0,"max_hp_loss":0.0,"gold_gain":0.0,"event_name":"Golden Wing","player_choice":"Card Removal","floor":12.0,"gold_loss":0.0,"damage_taken":7.0},{"damage_healed":0.0,"max_hp_gain":0.0,"max_hp_loss":33.0,"gold_gain":0.0,"event_name":"Ghosts","player_choice":"Became a Ghost","floor":19.0,"gold_loss":0.0,"damage_taken":0.0,"cards_obtained":["Ghostly","Ghostly","Ghostly"]},{"cards_removed":["Strike_G"],"damage_healed":0.0,"max_hp_gain":0.0,"max_hp_loss":0.0,"gold_gain":0.0,"event_name":"Beggar","player_choice":"Gave Gold","floor":21.0,"gold_loss":75.0,"damage_taken":0.0},{"damage_healed":0,"gold_gain":275,"player_choice":"Desecrate","damage_taken":0,"max_hp_gain":0,"max_hp_loss":0,"event_name":"Golden Shrine","floor":36,"gold_loss":0,"cards_obtained":["Regret"]},{"cards_removed":["Strike_G"],"damage_healed":0,"gold_gain":0,"player_choice":"Removed Attack","damage_taken":0,"max_hp_gain":0,"max_hp_loss":0,"event_name":"Falling","floor":37,"gold_loss":0},{"damage_healed":0,"gold_gain":0,"player_choice":"Fight","damage_taken":0,"max_hp_gain":0,"max_hp_loss":0,"event_name":"MindBloom","floor":38,"gold_loss":0}],"is_beta":false,"boss_relics":[{"not_picked":["Empty Cage","Ectoplasm"],"picked":"HoveringKite"},{"not_picked":["Astrolabe","SlaversCollar"],"picked":"Calling Bell"}],"items_purged_floors":[2,29,54],"is_endless":false,"potions_floor_spawned":[3,5,8,13,14,18,30,33,38,41,48,55],"ascension_level":20,"potion_discard_per_floor":[[],[],[],[],[],[],[],[],[],[],[],[],[],["Weak Potion"],[],[],[],[],[],[],[],[],[],[],[],[],[],[],[],[],[],[],[],[],[],[],[],[],[],[],["Weak Potion"],[],[],[],[],[],[],["Fire Potion"],[],[],[],[],[],[],[],[],[]]}