{"neow_bonuses_skipped_log":["TRANSFORM_CARD","TEN_PERCENT_HP_BONUS","BOSS_RELIC"],"neow_costs_skipped_log":["NONE","NONE","NONE"],"potions_obtained_entropic_brew":[[],[],[],[],[],[],[],[],[],[],[]],"gold_per_floor":[119,133,133,148,148,148,173,173,200,200,200],"floor_reached":11,"playtime":756,"items_purged":[],"score":122,"play_id":"9990a076-cf9e-4ec8-9cf8-92d6231adada","local_time":"20240319224833","score_breakdown":["Floors Climbed (11): 55","Enemies Slain (3): 6","Exordium Elites Killed (0): 0","Bosses Slain (0): 0","Ascension (20): 61"],"is_ascension_mode":true,"potions_obtained_alchemize":[[],[],[],[],[],[],[],[],[],[],[]],"campfire_choices":[{"data":"Sucker Punch","floor":6,"key":"SMITH"},{"data":"Quick Slash","floor":8,"key":"SMITH"},{"floor":10,"key":"REST"}],"lesson_learned_per_floor":[[],[],[],[],[],[],[],[],[],[],[]],"neow_cost":"CURSE","improvable_cards":{},"seed_source_timestamp":86893230867417,"shop_contents":[],"circlet_count":0,"master_deck":["AscendersBane","Strike_G","Strike_G","Strike_G","Strike_G","Strike_G","Defend_G","Defend_G","Defend_G","Defend_G","Defend_G","Survivor","Neutralize","Writhe","Grand Finale","Sucker Punch+1","Terror","Deadly Poison","Quick Slash+1"],"special_seed":0,"potion_use_per_floor":[[],[],[],[],[],[],["GhostInAJar"],[],[],[],[]],"relics":["Ring of the Snake","NlothsMask","Singing Bowl","Odd Mushroom"],"potions_floor_usage":[7],"damage_taken":[{"damage":8.0,"enemies":"Cultist","floor":1.0,"turns":5.0},{"damage":19,"enemies":"Small Slimes","floor":2,"turns":5},{"damage":0,"enemies":"2 Louse","floor":4,"turns":4},{"damage":18,"enemies":"The Mushroom Lair","floor":7,"turns":5},{"damage":27,"enemies":"3 Sentries","floor":11,"turns":5}],"seed_played":"-4293405314457520017","neow_bonus_log":{"cardsObtained":["Writhe"],"cardsUpgraded":[],"cardsRemoved":[],"cardsTransformed":[],"relicsObtained":[],"maxHpGained":0,"goldGained":0,"damageTaken":0,"goldLost":0,"maxHpLost":0},"potions_obtained":[{"floor":2,"key":"GhostInAJar"}],"is_trial":false,"path_per_floor":["M","M","?","M","?","R","?","R","T","R","E"],"character_chosen":"THE_SILENT","basemod:card_modifiers":[null,null,null,null,null,null,null,null,null,null,null,null,null,null,null,null,null,null,null],"items_purchased":[],"campfire_rested":1,"item_purchase_floors":[],"current_hp_per_floor":[51,32,32,32,21,21,3,3,3,22,0],"gold":200,"neow_bonus":"THREE_RARE_CARDS","is_prod":false,"is_daily":false,"rewards_skipped":[],"chose_seed":false,"campfire_upgraded":2,"win_rate":0,"floor_exit_playtime":[322,376,385,452,464,500,673,685,688,692],"timestamp":1710902913,"path_taken":["M","M","?","M","?","R","?","R","T","R","E"],"build_version":"2022-12-01","purchased_purges":0,"victory":false,"max_hp_per_floor":[66,66,66,66,66,66,66,66,66,66,66],"relic_stats":{"Singing Bowl":0,"counters":[5,24],"obtain_stats":[{"Singing Bowl":5,"Odd Mushroom":7,"Ring of the Snake":0,"NlothsMask":3},{"Singing Bowl":3,"Odd Mushroom":4,"Ring of the Snake":0,"NlothsMask":2},{"Singing Bowl":14,"Odd Mushroom":19,"Ring of the Snake":0,"NlothsMask":10}],"Ring of the Snake":[10]},"card_choices":[{"not_picked":["Envenom","Adrenaline"],"picked":"Grand Finale","floor":0.0},{"not_picked":["Blur","PiercingWail"],"picked":"Sucker Punch","floor":1.0},{"not_picked":["Endless Agony","Setup"],"picked":"Terror","floor":2},{"not_picked":["Sucker Punch","Poisoned Stab"],"picked":"Deadly Poison","floor":4},{"not_picked":["Caltrops","PiercingWail"],"picked":"Quick Slash","floor":7}],"player_experience":112526,"relics_obtained":[{"floor":7,"key":"Odd Mushroom"}],"event_choices":[{"damage_healed":0,"gold_gain":0,"player_choice":"Trade","damage_taken":0,"relics_obtained":["NlothsMask"],"max_hp_gain":0,"max_hp_loss":0,"event_name":"FaceTrader","floor":3,"gold_loss":0},{"damage_healed":0,"gold_gain":0,"player_choice":"Success","damage_taken":11,"relics_obtained":["Singing Bowl"],"max_hp_gain":0,"max_hp_loss":0,"event_name":"Scrap Ooze","floor":5,"gold_loss":0},{"damage_healed":0,"gold_gain":0,"player_choice":"Fought Mushrooms","damage_taken":0,"max_hp_gain":0,"max_hp_loss":0,"event_name":"Mushrooms","floor":7,"gold_loss":0}],"is_beta":false,"boss_relics":[],"items_purged_floors":[],"is_endless":false,"potions_floor_spawned":[2],"killed_by":"3 Sentries","ascension_level":20,"potion_discard_per_floor":[[],[],[],[],[],[],[],[],[],[],[]]}