{"neow_bonuses_skipped_log":["THREE_CARDS","TEN_PERCENT_HP_BONUS","BOSS_RELIC"],"potions_obtained_entropic_brew":[[],[],[],[],[],[],[],[],[],[],[],[],[],[],[],[]],"neow_costs_skipped_log":["NONE","NONE","NONE"],"gold_per_floor":[116,126,143,155,171,171,183,183,237,237,256,256,281,19,19,19],"floor_reached":16,"playtime":1187,"items_purged":["Defend_G"],"score":208,"play_id":"b410453d-9086-4036-9189-64c6e4dcac40","local_time":"20240321114420","score_breakdown":["Floors Climbed (16): 80","Enemies Slain (7): 14","Exordium Elites Killed (1): 10","Bosses Slain (0): 0","Ascension (20): 104"],"is_ascension_mode":true,"potions_obtained_alchemize":[[],[],[],[],[],[],[],[],[],[],[],[],[],[],[],[]],"campfire_choices":[{"floor":6,"key":"REST"},{"data":"All Out Attack","floor":8,"key":"SMITH"},{"floor":10,"key":"REST"},{"floor":15,"key":"REST"}],"lesson_learned_per_floor":[[],[],[],[],[],[],[],[],[],[],[],[],[],[],[],[]],"neow_cost":"TEN_PERCENT_HP_LOSS","improvable_cards":{},"seed_source_timestamp":5690655686333,"shop_contents":[{"floor":14,"relics":["Torii","Regal Pillow"],"cards":["Quick Slash","Bane","Venomology","Infinite Blades","Deep Breath","Magnetism"],"potions":["Swift Potion","SkillPotion","FairyPotion"]}],"circlet_count":0,"master_deck":["AscendersBane","Strike_G","Strike_G","Strike_G","Strike_G","Strike_G","Defend_G","Defend_G","Defend_G","Survivor","Neutralize","Deadly Poison","Calculated Gamble","Footwork","Tactician","All Out Attack+1","Underhanded Strike","Prepared","Escape Plan","PiercingWail","Well Laid Plans","Backstab","Backflip","Catalyst"],"potion_use_per_floor":[[],[],[],[],["Explosive Potion"],[],[],[],[],[],[],[],[],[],[],["PowerPotion","LiquidMemories"]],"relics":["Ring of the Snake","WingedGreaves","Anchor","Orrery"],"potions_floor_usage":[5,16,16],"damage_taken":[{"damage":1,"enemies":"2 Louse","floor":1,"turns":4},{"damage":2,"enemies":"Jaw Worm","floor":2,"turns":5},{"damage":0,"enemies":"Cultist","floor":3,"turns":5},{"damage":39,"enemies":"Exordium Wildlife","floor":4,"turns":7},{"damage":6,"enemies":"Blue Slaver","floor":5,"turns":4},{"damage":7,"enemies":"Large Slime","floor":7,"turns":10},{"damage":0,"enemies":"2 Fungi Beasts","floor":11,"turns":2},{"damage":19,"enemies":"3 Sentries","floor":13,"turns":8},{"damage":45,"enemies":"Slime Boss","floor":16,"turns":8}],"seed_played":"7481263141373303954","neow_bonus_log":{"cardsObtained":[],"cardsUpgraded":[],"cardsRemoved":[],"cardsTransformed":[],"relicsObtained":["WingedGreaves"],"maxHpGained":0,"goldGained":0,"damageTaken":0,"goldLost":0,"maxHpLost":6},"potions_obtained":[{"floor":2,"key":"PowerPotion"},{"floor":4,"key":"Explosive Potion"},{"floor":7,"key":"LiquidMemories"}],"is_trial":false,"path_per_floor":["M","M","M","M","M","R","M","R","T","R","M","?","E","$","R","B"],"character_chosen":"THE_SILENT","basemod:card_modifiers":[null,null,null,null,null,null,null,null,null,null,null,null,null,null,null,null,null,null,null,null,null,null,null,null],"items_purchased":["PiercingWail","Orrery"],"campfire_rested":3,"item_purchase_floors":[14,14],"current_hp_per_floor":[58,56,56,17,11,29,22,22,22,40,40,33,14,14,32,0],"gold":19,"neow_bonus":"ONE_RARE_RELIC","is_prod":false,"is_daily":false,"rewards_skipped":[],"chose_seed":false,"campfire_upgraded":1,"win_rate":0,"floor_exit_playtime":[94,137,209,309,407,426,547,563,575,581,625,652,917,992,997],"timestamp":1711035860,"blue_key_relic_skipped_log":{"floor":9,"relicID":"CeramicFish"},"path_taken":["M","M","M","M","M","R","M","R","T","R","M","?","E","$","R","BOSS"],"build_version":"2022-12-01","purchased_purges":1,"victory":false,"max_hp_per_floor":[60,60,60,60,60,60,60,60,60,60,60,60,60,60,60,60],"relic_stats":{"counters":[9,53],"WingedGreaves":1,"obtain_stats":[{"Anchor":13,"Orrery":14,"WingedGreaves":0,"Ring of the Snake":0},{"Anchor":8,"Orrery":8,"WingedGreaves":0,"Ring of the Snake":0},{"Anchor":45,"Orrery":45,"WingedGreaves":0,"Ring of the Snake":0}],"Ring of the Snake":[18]},"card_choices":[{"not_picked":["Poisoned Stab","Slice"],"picked":"Deadly Poison","floor":1},{"not_picked":["Slice","Expertise"],"picked":"Calculated Gamble","floor":2},{"not_picked":["Cloak And Dagger","Tactician"],"picked":"Footwork","floor":3},{"not_picked":["Blur","Quick Slash"],"picked":"Tactician","floor":4},{"not_picked":["Quick Slash","Acrobatics"],"picked":"All Out Attack","floor":5},{"not_picked":["Riddle With Holes","Deflect"],"picked":"Underhanded Strike","floor":7},{"not_picked":["Deadly Poison","Riddle With Holes"],"picked":"Prepared","floor":11},{"not_picked":["Footwork","Concentrate"],"picked":"Escape Plan","floor":13},{"not_picked":["Flying Knee","PiercingWail"],"picked":"Well Laid Plans","floor":14},{"not_picked":["Riddle With Holes","Sucker Punch"],"picked":"Backstab","floor":14},{"not_picked":["PiercingWail","Prepared"],"picked":"Backflip","floor":14},{"not_picked":["Concentrate","Bullet Time"],"picked":"Catalyst","floor":14},{"not_picked":["Poisoned Stab","Dash","Riddle With Holes"],"picked":"SKIP","floor":14}],"player_experience":129310,"relics_obtained":[{"floor":13,"key":"Anchor"}],"event_choices":[{"cards_removed":["Defend_G"],"damage_healed":0,"gold_gain":0,"player_choice":"Card Removal","damage_taken":7,"max_hp_gain":0,"max_hp_loss":0,"event_name":"Golden Wing","floor":12,"gold_loss":0}],"is_beta":false,"boss_relics":[],"items_purged_floors":[14],"is_endless":false,"potions_floor_spawned":[2,4,7],"killed_by":"Slime Boss","ascension_level":20,"potion_discard_per_floor":[[],[],[],[],[],[],[],[],[],[],[],[],[],[],[],[]]}