{"neow_bonuses_skipped_log":["ONE_RANDOM_RARE_CARD","THREE_SMALL_POTIONS","BOSS_RELIC"],"neow_costs_skipped_log":["NONE","NONE","NONE"],"potions_obtained_entropic_brew":[[],[],[],[],[],[],[],[],[],[],[],[],[],[],[],[],[],[],[],[],[],[],[],[]],"gold_per_floor":[119,119,194,194,7,36,36,47,128,158,158,174,192,212,212,289,289,306,69,89,89,105,105,105],"floor_reached":24,"playtime":1153,"items_purged":["Strike_G"],"score":437,"play_id":"0c356d98-ece1-4c3e-8828-74bab8388667","local_time":"20240410114446","score_breakdown":["Floors Climbed (24): 120","Enemies Slain (8): 16","Exordium Elites Killed (2): 20","City Elites Killed (0): 0","Bosses Slain (1): 50","Well Fed: 25","Ascension (20): 206"],"is_ascension_mode":true,"potions_obtained_alchemize":[[],[],[],[],[],[],[],[],[],[],[],[],[],[],[],[],[],[],[],[],[],[],[],[]],"campfire_choices":[{"floor":7,"key":"REST"},{"data":"Terror","floor":11,"key":"SMITH"},{"data":"Neutralize","floor":15,"key":"SMITH"},{"floor":23,"key":"REST"}],"lesson_learned_per_floor":[[],[],[],[],[],[],[],[],[],[],[],[],[],[],[],[],[],[],[],[],[],[],[],[]],"neow_cost":"TEN_PERCENT_HP_LOSS","improvable_cards":{},"seed_source_timestamp":330094335177834,"shop_contents":[{"floor":5,"relics":["War Paint","Singing Bowl","PrismaticShard"],"cards":["Riddle With Holes","Burst","Malaise","Footwork","Flash of Steel","Master of Strategy"],"potions":["Weak Potion"]},{"floor":19,"relics":["HornCleat","HandDrill"],"cards":["Masterful Stab+1","Flying Knee+1","Deflect","Dodge and Roll","Accuracy","Impatience","Transmutation"],"potions":["ColorlessPotion","ColorlessPotion","SkillPotion"]}],"circlet_count":0,"master_deck":["AscendersBane","Strike_G","Strike_G","Strike_G","Strike_G","Defend_G","Defend_G+1","Defend_G","Defend_G","Defend_G+1","Survivor","Neutralize+1","Deadly Poison","Dagger Throw","Masterful Stab","Corpse Explosion","Bane","Terror+1","Bouncing Flask","Underhanded Strike+1","Bullet Time","Predator+1","PiercingWail+1","Finisher+1"],"potion_use_per_floor":[[],[],[],[],[],["AttackPotion"],[],[],[],["FearPotion"],[],[],[],[],[],["AttackPotion"],[],[],[],[],[],[],[],["AttackPotion","Fire Potion"]],"relics":["Ring of the Snake","Mango","Darkstone Periapt","Molten Egg 2","Strawberry","HoveringKite","Centennial Puzzle"],"potions_floor_usage":[6,10,16,24,24],"damage_taken":[{"damage":3,"enemies":"Cultist","floor":1,"turns":5},{"damage":23,"enemies":"Lagavulin","floor":6,"turns":6},{"damage":0,"enemies":"2 Louse","floor":8,"turns":1},{"damage":9,"enemies":"3 Sentries","floor":10,"turns":3},{"damage":0,"enemies":"Jaw Worm","floor":12,"turns":1},{"damage":6,"enemies":"Looter","floor":13,"turns":2},{"damage":0,"enemies":"Exordium Thugs","floor":14,"turns":3},{"damage":22,"enemies":"Slime Boss","floor":16,"turns":7},{"damage":27,"enemies":"Shell Parasite","floor":18,"turns":5},{"damage":2,"enemies":"Spheric Guardian","floor":20,"turns":4},{"damage":1,"enemies":"Centurion and Healer","floor":22,"turns":3},{"damage":43,"enemies":"Slavers","floor":24,"turns":3}],"seed_played":"-4512314174699531956","neow_bonus_log":{"cardsObtained":[],"cardsUpgraded":[],"cardsRemoved":[],"cardsTransformed":[],"relicsObtained":["Mango"],"maxHpGained":0,"goldGained":0,"damageTaken":0,"goldLost":0,"maxHpLost":6},"potions_obtained":[{"floor":6,"key":"FearPotion"},{"floor":10,"key":"AttackPotion"},{"floor":20,"key":"AttackPotion"}],"is_trial":false,"path_per_floor":["M","?","?","?","$","E","R","M","T","E","R","M","M","M","R","B",null,"M","$","M","?","M","R","E"],"character_chosen":"THE_SILENT","basemod:card_modifiers":[null,null,null,null,null,null,null,null,null,null,null,null,null,null,null,null,null,null,null,null,null,null,null,null],"items_purchased":["Fire Potion","AttackPotion","Masterful Stab","Centennial Puzzle"],"campfire_rested":2,"item_purchase_floors":[5,5,5,19],"current_hp_per_floor":[70,48,37,37,37,14,36,36,36,34,34,34,28,28,28,6,62,35,35,33,10,9,34,0],"gold":105,"neow_bonus":"ONE_RARE_RELIC","is_prod":false,"is_daily":false,"rewards_skipped":[{"floor":12,"relics":[],"potions":["Ancient Potion"]},{"floor":14,"relics":[],"potions":["LiquidBronze"]}],"chose_seed":false,"campfire_upgraded":2,"win_rate":0,"floor_exit_playtime":[80,103,109,128,162,268,281,320,325,402,414,448,485,540,563,707,739,810,841,902,908,972,983],"timestamp":1712763886,"path_taken":["M","?","?","?","$","E","R","M","T","E","R","M","M","M","R","BOSS","M","$","M","?","?","R","E"],"build_version":"2022-12-01","purchased_purges":1,"victory":false,"max_hp_per_floor":[74,74,74,74,74,74,74,74,74,81,81,81,81,81,81,81,81,81,81,81,86,86,86,86],"relic_stats":{"Darkstone Periapt":0,"Centennial Puzzle":[9],"counters":[12,43],"HoveringKite":[3],"obtain_stats":[{"Darkstone Periapt":6,"Centennial Puzzle":19,"Strawberry":10,"HoveringKite":17,"Mango":0,"Molten Egg 2":9,"Ring of the Snake":0},{"Darkstone Periapt":2,"Centennial Puzzle":9,"Strawberry":4,"HoveringKite":8,"Mango":0,"Molten Egg 2":3,"Ring of the Snake":0},{"Darkstone Periapt":11,"Centennial Puzzle":33,"Strawberry":15,"HoveringKite":28,"Mango":0,"Molten Egg 2":12,"Ring of the Snake":0}],"Ring of the Snake":[24]},"card_choices":[{"not_picked":["Prepared","Footwork"],"picked":"Deadly Poison","floor":1},{"not_picked":["All Out Attack","Footwork"],"picked":"Corpse Explosion","floor":6},{"not_picked":["Cloak And Dagger","Backflip"],"picked":"Bane","floor":8},{"not_picked":["Caltrops","Quick Slash+1"],"picked":"Terror","floor":10},{"not_picked":["Poisoned Stab+1","Noxious Fumes"],"picked":"Bouncing Flask","floor":12},{"not_picked":["Dagger Spray+1","Dash+1","Caltrops"],"picked":"SKIP","floor":13},{"not_picked":["Concentrate","Distraction"],"picked":"Underhanded Strike+1","floor":14},{"not_picked":["Storm of Steel","Tools of the Trade"],"picked":"Bullet Time","floor":16},{"not_picked":["Poisoned Stab+1","Endless Agony+1"],"picked":"Predator+1","floor":18},{"not_picked":["Dash+1","Deadly Poison+1"],"picked":"PiercingWail+1","floor":20},{"not_picked":["Bane+1","Slice+1"],"picked":"Finisher+1","floor":22}],"player_experience":153445,"relics_obtained":[{"floor":6,"key":"Darkstone Periapt"},{"floor":9,"key":"Molten Egg 2"},{"floor":10,"key":"Strawberry"}],"event_choices":[{"damage_healed":0,"gold_gain":0,"player_choice":"Entered Light","damage_taken":22,"max_hp_gain":0,"max_hp_loss":0,"event_name":"Shining Light","floor":2,"gold_loss":0,"cards_upgraded":["Defend_G","Defend_G"]},{"damage_healed":0,"gold_gain":75,"player_choice":"Gather Gold","damage_taken":11,"max_hp_gain":0,"max_hp_loss":0,"event_name":"World of Goop","floor":3,"gold_loss":0},{"damage_healed":0,"gold_gain":0,"player_choice":"1 cards matched","damage_taken":0,"max_hp_gain":0,"max_hp_loss":0,"event_name":"Match and Keep!","floor":4,"gold_loss":0,"cards_obtained":["Dagger Throw"]},{"damage_healed":0,"gold_gain":0,"player_choice":"Shed Blood","damage_taken":28,"max_hp_gain":5,"max_hp_loss":0,"event_name":"Forgotten Altar","floor":21,"gold_loss":0}],"is_beta":false,"boss_relics":[{"not_picked":["Velvet Choker","SacredBark"],"picked":"HoveringKite"}],"items_purged_floors":[19],"is_endless":false,"potions_floor_spawned":[6,10,12,14,20],"killed_by":"Slavers","ascension_level":20,"potion_discard_per_floor":[[],[],[],[],[],[],[],[],[],[],[],[],[],[],[],[],[],[],[],[],[],[],[],[]]}