{"neow_bonuses_skipped_log":["RANDOM_COLORLESS","RANDOM_COLORLESS_2","BOSS_RELIC"],"neow_costs_skipped_log":["NONE","CURSE","NONE"],"potions_obtained_entropic_brew":[[],[],[],[],[],[],[],[],[],[],[],[],[],[],[],[],[],[],[],[],[],[],[]],"gold_per_floor":[216,232,102,67,85,115,115,115,115,115,126,86,121,141,141,216,216,230,230,230,62,82,82],"floor_reached":23,"playtime":2005,"items_purged":["Strike_G"],"score":398,"play_id":"7bcb5475-d67b-40d9-869e-a08f1aaf8cdb","local_time":"20240411112727","score_breakdown":["Floors Climbed (23): 115","Enemies Slain (7): 14","Exordium Elites Killed (2): 20","City Elites Killed (0): 0","Bosses Slain (1): 50","Ascension (20): 199"],"is_ascension_mode":true,"potions_obtained_alchemize":[[],[],[],[],[],[],[],[],[],[],[],[],[],[],[],[],[],[],[],[],[],[],[]],"campfire_choices":[{"data":"Blade Dance","floor":8.0,"key":"SMITH"},{"floor":10.0,"key":"REST"},{"floor":15,"key":"REST"}],"lesson_learned_per_floor":[[],[],[],[],[],[],[],[],[],[],[],[],[],[],[],[],[],[],[],[],[],[],[]],"neow_cost":"NONE","improvable_cards":{},"seed_source_timestamp":363951193905125,"shop_contents":[{"floor":3,"relics":["Snake Skull","CeramicFish","Orrery"],"cards":["Unload","Underhanded Strike","Prepared","Blade Dance","Mind Blast","Violence"],"potions":["Block Potion","GhostInAJar"]},{"floor":21,"relics":["Unceasing Top","Nunchaku","DollysMirror"],"cards":["Eviscerate","Terror","Well Laid Plans","PanicButton","Chrysalis"],"potions":["Poison Potion","Ancient Potion","SpeedPotion"]}],"circlet_count":0,"master_deck":["AscendersBane","Strike_G","Strike_G","Strike_G","Defend_G","Defend_G","Defend_G","Defend_G","Survivor","Neutralize","Endless Agony","Blade Dance+1","Caltrops","Noxious Fumes+1","Leg Sweep","Well Laid Plans","Skewer","Noxious Fumes","Envenom","Riddle With Holes","Caltrops","Predator","Acrobatics","Flechettes"],"special_seed":0,"potion_use_per_floor":[[],[],[],[],[],["DuplicationPotion"],[],[],[],[],[],[],["LiquidBronze"],[],[],["Explosive Potion"],[],["FearPotion"],[],[],[],[],["Poison Potion","DuplicationPotion"]],"relics":["Ring of the Serpent","Pen Nib","Singing Bowl","Nloth\u0027s Gift"],"potions_floor_usage":[13,16,18,23,23],"damage_taken":[{"damage":14.0,"enemies":"Jaw Worm","floor":1.0,"turns":8.0},{"damage":11.0,"enemies":"2 Louse","floor":2.0,"turns":4.0},{"damage":1.0,"enemies":"Cultist","floor":5.0,"turns":3.0},{"damage":37.0,"enemies":"Gremlin Nob","floor":6.0,"turns":5.0},{"damage":1.0,"enemies":"2 Fungi Beasts","floor":11.0,"turns":5.0},{"damage":0.0,"enemies":"Looter","floor":12.0,"turns":4.0},{"damage":27,"enemies":"3 Sentries","floor":13,"turns":7},{"damage":2,"enemies":"3 Louse","floor":14,"turns":4},{"damage":12,"enemies":"The Guardian","floor":16,"turns":9},{"damage":13,"enemies":"Spheric Guardian","floor":18,"turns":5},{"damage":32,"enemies":"Shell Parasite","floor":22,"turns":7},{"damage":17,"enemies":"Gremlin Leader","floor":23,"turns":5}],"seed_played":"2230847825533472202","neow_bonus_log":{"cardsObtained":[],"cardsUpgraded":[],"cardsRemoved":[],"cardsTransformed":[],"relicsObtained":[],"maxHpGained":0,"goldGained":100,"damageTaken":0,"goldLost":0,"maxHpLost":0},"potions_obtained":[{"floor":6.0,"key":"LiquidBronze"},{"floor":13,"key":"FearPotion"},{"floor":14,"key":"Explosive Potion"},{"floor":16,"key":"DuplicationPotion"},{"floor":18,"key":"Poison Potion"}],"is_trial":false,"path_per_floor":["M","M","$","?","M","E","?","R","T","R","M","M","E","M","R","B",null,"M","?","?","$","M","E"],"character_chosen":"THE_SILENT","basemod:card_modifiers":[null,null,null,null,null,null,null,null,null,null,null,null,null,null,null,null,null,null,null,null,null,null,null,null],"items_purchased":["Caltrops","DuplicationPotion","Acrobatics","Flechettes"],"campfire_rested":2,"item_purchase_floors":[3,3,21,21],"current_hp_per_floor":[45,34,34,50,49,12,12,12,12,46,45,45,20,18,53,41,61,48,48,48,48,18,1],"gold":82,"neow_bonus":"HUNDRED_GOLD","is_prod":false,"is_daily":false,"rewards_skipped":[{"floor":22,"relics":[],"potions":["SpeedPotion"]}],"chose_seed":false,"campfire_upgraded":1,"win_rate":0,"floor_exit_playtime":[146,209,349,359,440,536,564,595,598,602,683,739,951,1059,1062,1224,1286,1456,1469,1515,1569,1818],"timestamp":1712849247,"path_taken":["M","M","$","?","M","E","?","R","T","R","M","?","E","M","R","BOSS","M","?","?","$","M","E"],"build_version":"2022-12-01","purchased_purges":1,"victory":false,"max_hp_per_floor":[66,66,66,66,66,66,66,66,66,66,66,66,68,68,68,68,68,68,68,68,68,70,70],"relic_stats":{"Singing Bowl":4,"counters":[12,66],"Pen Nib":[9],"Nloth\u0027s Gift":0,"obtain_stats":[{"Regal Pillow":6,"Singing Bowl":13,"Pen Nib":9,"Nloth\u0027s Gift":19,"Ring of the Serpent":17,"Ring of the Snake":0},{"Regal Pillow":4,"Singing Bowl":7,"Pen Nib":4,"Nloth\u0027s Gift":10,"Ring of the Serpent":9,"Ring of the Snake":0},{"Regal Pillow":20,"Singing Bowl":36,"Pen Nib":20,"Nloth\u0027s Gift":54,"Ring of the Serpent":49,"Ring of the Snake":0}]},"card_choices":[{"not_picked":["Calculated Gamble","Choke"],"picked":"Endless Agony","floor":1.0},{"not_picked":["Cloak And Dagger","Underhanded Strike"],"picked":"Blade Dance","floor":2.0},{"not_picked":["Flechettes","Catalyst"],"picked":"Noxious Fumes","floor":5.0},{"not_picked":["Acrobatics","Slice"],"picked":"Leg Sweep","floor":6.0},{"not_picked":["Dash","Dagger Spray"],"picked":"Well Laid Plans","floor":11.0},{"not_picked":["Setup","Escape Plan"],"picked":"Skewer","floor":12},{"not_picked":["Bullet Time","Infinite Blades","Eviscerate"],"picked":"Singing Bowl","floor":13},{"not_picked":["Dodge and Roll","Sucker Punch"],"picked":"Noxious Fumes","floor":14},{"not_picked":["Night Terror","Bullet Time"],"picked":"Envenom","floor":16},{"not_picked":["Dodge and Roll","Deadly Poison"],"picked":"Riddle With Holes","floor":18},{"not_picked":["Distraction","Dodge and Roll","Sucker Punch"],"picked":"Singing Bowl","floor":22}],"player_experience":154598,"relics_obtained":[{"floor":6.0,"key":"Regal Pillow"},{"floor":9.0,"key":"Pen Nib"},{"floor":13,"key":"Singing Bowl"}],"event_choices":[{"damage_healed":16.0,"max_hp_gain":0.0,"max_hp_loss":0.0,"gold_gain":0.0,"event_name":"The Cleric","player_choice":"Healed","floor":4.0,"gold_loss":35.0,"damage_taken":0.0},{"damage_healed":0.0,"max_hp_gain":0.0,"max_hp_loss":0.0,"gold_gain":0.0,"event_name":"Upgrade Shrine","player_choice":"Upgraded","floor":7.0,"gold_loss":0.0,"damage_taken":0.0,"cards_upgraded":["Noxious Fumes"]},{"damage_healed":0,"gold_gain":0,"player_choice":"Traded Relic","damage_taken":0,"relics_obtained":["Nloth\u0027s Gift"],"max_hp_gain":0,"max_hp_loss":0,"event_name":"N\u0027loth","floor":19,"relics_lost":["Regal Pillow"],"gold_loss":0},{"damage_healed":0,"gold_gain":0,"cards_transformed":["Strike_G","Defend_G"],"player_choice":"Became Test Subject","damage_taken":0,"max_hp_gain":0,"max_hp_loss":0,"event_name":"Drug Dealer","floor":20,"gold_loss":0,"cards_obtained":["Caltrops","Predator"]}],"is_beta":false,"boss_relics":[{"not_picked":["Tiny House","Calling Bell"],"picked":"Ring of the Serpent"}],"items_purged_floors":[21],"is_endless":false,"potions_floor_spawned":[6,13,14,16,18,22],"killed_by":"Gremlin Leader","ascension_level":20,"potion_discard_per_floor":[[],[],[],[],[],[],[],[],[],[],[],[],[],[],[],[],[],[],[],[],[],[],[]]}