{"neow_bonuses_skipped_log":["RANDOM_COLORLESS","REMOVE_TWO","BOSS_RELIC"],"potions_obtained_entropic_brew":[[],[],[],[],[],[],[],[],[],[],[],["Block Potion","PowerPotion"],[],[],["EssenceOfSteel","Fire Potion"],[]],"neow_costs_skipped_log":["NONE","NO_GOLD","NONE"],"gold_per_floor":[119,119,119,119,42,76,76,116,116,131,145,194,216,216,216,216],"floor_reached":16,"playtime":1033,"items_purged":[],"score":336,"play_id":"5e661727-7251-430b-a4a9-e7c1e1c5c0af","local_time":"20240410103413","score_breakdown":["Floors Climbed (16): 80","Enemies Slain (4): 8","Exordium Elites Killed (3): 30","Bosses Slain (0): 0","Champion (2): 50","Ascension (20): 168"],"is_ascension_mode":true,"potions_obtained_alchemize":[[],[],[],[],[],[],[],[],[],[],[],[],[],[],[],[]],"campfire_choices":[{"data":"Blade Dance","floor":7.0,"key":"SMITH"},{"floor":15,"key":"REST"}],"lesson_learned_per_floor":[[],[],[],[],[],[],[],[],[],[],[],[],[],[],[],[]],"neow_cost":"NONE","improvable_cards":{},"seed_source_timestamp":325962316290625,"shop_contents":[{"floor":5,"relics":["Boot","Oddly Smooth Stone","HandDrill"],"cards":["Poisoned Stab","Underhanded Strike","Footwork","Bandage Up","The Bomb"],"potions":["BlessingOfTheForge","Block Potion","EssenceOfSteel"]}],"circlet_count":0,"master_deck":["AscendersBane","Strike_G","Strike_G","Strike_G","Strike_G","Strike_G","Defend_G","Defend_G","Defend_G","Defend_G","Survivor","Neutralize","Footwork","Prepared","Blade Dance+1","Leg Sweep","Reflex","Tactician+1","Well Laid Plans","PiercingWail+1","Skewer"],"special_seed":0,"potion_use_per_floor":[[],[],[],[],[],[],[],[],[],[],[],["LiquidBronze","EntropicBrew","PowerPotion","Block Potion"],[],[],["EntropicBrew"],["EssenceOfSteel","Fire Potion"]],"relics":["Ring of the Snake","NeowsBlessing","Golden Idol","InkBottle","CaptainsWheel","The Courier","Toxic Egg 2","CeramicFish"],"potions_floor_usage":[12,12,12,12,15,16,16],"damage_taken":[{"damage":0.0,"enemies":"2 Louse","floor":1.0,"turns":1.0},{"damage":0.0,"enemies":"3 Sentries","floor":6.0,"turns":1.0},{"damage":0.0,"enemies":"Lagavulin","floor":8.0,"turns":1.0},{"damage":0.0,"enemies":"Jaw Worm","floor":10.0,"turns":5.0},{"damage":0,"enemies":"Small Slimes","floor":11,"turns":4},{"damage":28,"enemies":"Gremlin Nob","floor":12,"turns":4},{"damage":18,"enemies":"Gremlin Gang","floor":13,"turns":12},{"damage":24,"enemies":"Slime Boss","floor":16,"turns":13}],"seed_played":"-5119446439985095194","neow_bonus_log":{"cardsObtained":[],"cardsUpgraded":[],"cardsRemoved":[],"cardsTransformed":[],"relicsObtained":["NeowsBlessing"],"maxHpGained":0,"goldGained":0,"damageTaken":0,"goldLost":0,"maxHpLost":0},"potions_obtained":[{"floor":1.0,"key":"EntropicBrew"},{"floor":8.0,"key":"LiquidBronze"},{"floor":13,"key":"EntropicBrew"}],"is_trial":false,"path_per_floor":["M","?","T","?","$","E","R","E","T","M","M","E","M","?","R","B"],"character_chosen":"THE_SILENT","basemod:card_modifiers":[null,null,null,null,null,null,null,null,null,null,null,null,null,null,null,null,null,null,null,null,null],"items_purchased":["Prepared","Blade Dance"],"campfire_rested":1,"item_purchase_floors":[5,5],"current_hp_per_floor":[59,59,59,52,52,52,52,52,52,52,52,24,6,6,24,0],"gold":216,"neow_bonus":"THREE_ENEMY_KILL","is_prod":false,"is_daily":false,"rewards_skipped":[{"floor":11,"relics":[],"potions":["Dexterity Potion"]}],"chose_seed":false,"campfire_upgraded":1,"win_rate":0,"floor_exit_playtime":[79,86,89,96,134,167,208,235,238,328,396,511,756,760,766],"timestamp":1712759653,"path_taken":["M","?","?","?","$","E","R","E","T","M","M","E","M","?","R","BOSS"],"build_version":"2022-12-01","purchased_purges":0,"victory":false,"max_hp_per_floor":[66,60,60,60,60,60,60,60,60,60,60,60,60,60,60,60],"relic_stats":{"counters":[8,41],"Golden Idol":32,"CeramicFish":18,"The Courier":0,"obtain_stats":[{"CaptainsWheel":6,"NeowsBlessing":0,"Golden Idol":2,"CeramicFish":12,"The Courier":8,"Toxic Egg 2":9,"InkBottle":3,"Ring of the Snake":0},{"CaptainsWheel":2,"NeowsBlessing":0,"Golden Idol":1,"CeramicFish":6,"The Courier":3,"Toxic Egg 2":3,"InkBottle":1,"Ring of the Snake":0},{"CaptainsWheel":2,"NeowsBlessing":0,"Golden Idol":1,"CeramicFish":16,"The Courier":3,"Toxic Egg 2":3,"InkBottle":1,"Ring of the Snake":0}],"InkBottle":[17],"Ring of the Snake":[16]},"card_choices":[{"not_picked":["Backflip","Dagger Spray"],"picked":"Footwork","floor":1.0},{"not_picked":["Underhanded Strike","Dodge and Roll"],"picked":"Leg Sweep","floor":6.0},{"not_picked":["Distraction","Flechettes"],"picked":"Reflex","floor":8.0},{"not_picked":["Backflip+1","Dash"],"picked":"Tactician+1","floor":10.0},{"not_picked":["Underhanded Strike","Deflect+1"],"picked":"Well Laid Plans","floor":11},{"not_picked":["Flying Knee","Masterful Stab"],"picked":"PiercingWail+1","floor":12},{"not_picked":["Quick Slash","Storm of Steel+1"],"picked":"Skewer","floor":13}],"player_experience":150405,"relics_obtained":[{"floor":3.0,"key":"InkBottle"},{"floor":6.0,"key":"CaptainsWheel"},{"floor":8.0,"key":"The Courier"},{"floor":9.0,"key":"Toxic Egg 2"},{"floor":12,"key":"CeramicFish"}],"event_choices":[{"damage_healed":0.0,"max_hp_gain":0.0,"max_hp_loss":6.0,"gold_gain":0.0,"event_name":"Golden Idol","player_choice":"Lose Max HP","floor":2.0,"gold_loss":0.0,"damage_taken":0.0,"relics_obtained":["Golden Idol"]},{"cards_removed":["Defend_G"],"damage_healed":0.0,"max_hp_gain":0.0,"max_hp_loss":0.0,"gold_gain":0.0,"event_name":"Golden Wing","player_choice":"Card Removal","floor":4.0,"gold_loss":0.0,"damage_taken":7.0},{"damage_healed":0,"gold_gain":0,"player_choice":"Ignored","damage_taken":0,"max_hp_gain":0,"max_hp_loss":0,"event_name":"Shining Light","floor":14,"gold_loss":0}],"is_beta":false,"boss_relics":[],"items_purged_floors":[],"is_endless":false,"potions_floor_spawned":[1,8,11,13],"killed_by":"Slime Boss","ascension_level":20,"potion_discard_per_floor":[[],[],[],[],[],[],[],[],[],[],[],[],[],[],[],[]]}