{"neow_bonuses_skipped_log":["REMOVE_CARD","ONE_RARE_RELIC","BOSS_RELIC"],"neow_costs_skipped_log":["NONE","NO_GOLD","NONE"],"potions_obtained_entropic_brew":[[],[],[],[],[],[],[],[],[],[],[],[],[],[],[],[],[],[],["FairyPotion","Block Potion"],[],[],[],[],[],[],[],[],[],[],[],[],[],[],[],[],[],[],[],[],[],[],[],[],[],[],[],[],[],[],[],[],[],[],[],[],[],[]],"gold_per_floor":[209,209,221,42,53,53,84,84,111,52,102,120,155,169,169,243,243,259,229,245,295,307,307,318,318,344,61,61,94,94,6,6,84,384,399,418,418,433,92,121,121,150,173,173,183,183,194,211,211,211,211,211,211,24,56,56],"floor_reached":57,"playtime":5790,"items_purged":["Strike_G","Defend_G"],"score":2905,"play_id":"ccb4e4a8-0e7d-48a9-af3e-caa448147469","local_time":"20240411131335","score_breakdown":["Floors Climbed (57): 285","Enemies Slain (15): 30","Exordium Elites Killed (2): 20","City Elites Killed (1): 20","Beyond Elites Killed (2): 60","Bosses Slain (5): 750","Money Money (1204): 25","Champion (2): 50","Perfect (1): 50","Overkill: 25","C-c-c-combo: 25","Ascension (20): 1315","Heartbreaker: 250"],"is_ascension_mode":true,"potions_obtained_alchemize":[[],[],[],[],[],[],[],[],[],[],[],[],[],[],[],[],[],[],[],[],[],[],[],[],[],[],[],[],[],[],[],[],[],[],[],[],[],[],[],[],[],[],[],[],[],[],[],[],[],[],[],[],[],[],[],[],[]],"campfire_choices":[{"data":"Eviscerate","floor":6.0,"key":"SMITH"},{"data":"Prepared","floor":15.0,"key":"SMITH"},{"data":"Prepared","floor":23,"key":"SMITH"},{"data":"Footwork","floor":25,"key":"SMITH"},{"data":"Apotheosis","floor":30,"key":"SMITH"},{"data":"Well Laid Plans","floor":32,"key":"SMITH"},{"data":"Reflex","floor":41,"key":"SMITH"},{"floor":44,"key":"RECALL"},{"data":"Acrobatics","floor":49,"key":"SMITH"},{"data":"Malaise","floor":53,"key":"SMITH"}],"lesson_learned_per_floor":[[],[],[],[],[],[],[],[],[],[],[],[],[],[],[],[],[],[],[],[],[],[],[],[],[],[],[],[],[],[],[],[],[],[],[],[],[],[],[],[],[],[],[],[],[],[],[],[],[],[],[],[],[],[],[],[],[]],"neow_cost":"NONE","improvable_cards":{},"seed_source_timestamp":366504442085666,"shop_contents":[{"floor":4,"relics":["Toy Ornithopter","Art of War","Strange Spoon"],"cards":["Predator","Distraction","Caltrops","Finesse","Master of Strategy"],"potions":["Strength Potion","Regen Potion"]},{"floor":10,"relics":["Boot","Whetstone","ClockworkSouvenir"],"cards":["All Out Attack","Poisoned Stab","Reflex","Caltrops","Dramatic Entrance","Master of Strategy"],"potions":["FearPotion","Weak Potion","Swift Potion"]},{"floor":27,"relics":["Paper Crane","War Paint","DollysMirror"],"cards":["Backstab","Dagger Throw","Bouncing Flask","Terror","Accuracy","Mind Blast"],"potions":["LiquidBronze","Poison Potion","LiquidMemories"]},{"floor":31,"relics":["Centennial Puzzle","Snake Skull","TwistedFunnel"],"cards":["Poisoned Stab","Eviscerate","Blade Dance","Footwork","Flash of Steel","Mayhem"],"potions":["FearPotion","DistilledChaos","ColorlessPotion"]},{"floor":39,"relics":["Pear","Ancient Tea Set"],"cards":["Dagger Spray","Underhanded Strike","Adrenaline","Caltrops","Jack Of All Trades","Metamorphosis"],"potions":["Swift Potion","PowerPotion","Explosive Potion"]},{"floor":54,"relics":["Bag of Marbles","Orichalcum","Chemical X"],"cards":["Dash","Grand Finale","Tactician","Envenom","Deep Breath","Mayhem"],"potions":["DuplicationPotion"]}],"circlet_count":0,"master_deck":["AscendersBane","Strike_G","Strike_G","Strike_G","Defend_G","Defend_G","Defend_G","Survivor","Neutralize","Eviscerate+1","Prepared+1","Terror","Backstab","Footwork+1","Tactician","Doppelganger","Deadly Poison","Prepared+1","Well Laid Plans+1","Die Die Die","Backflip","Acrobatics+1","Apotheosis+1","Adrenaline","Reflex+1","Malaise+1","Tactician","Eviscerate","Corpse Explosion","PiercingWail+1","Escape Plan","Acrobatics+1","Prepared","Noxious Fumes"],"special_seed":0,"potion_use_per_floor":[[],[],[],[],[],[],["CunningPotion"],[],[],[],[],[],["Strength Potion"],[],[],[],[],[],["EntropicBrew"],[],[],["Block Potion"],[],[],[],[],[],[],["Strength Potion"],[],[],[],[],[],[],[],[],[],[],[],[],["Dexterity Potion"],[],[],["Swift Potion"],[],[],[],[],[],["FairyPotion"],[],[],[],[],["LiquidBronze","DuplicationPotion"],[]],"relics":["Ring of the Snake","Happy Flower","Sundial","Omamori","Lantern","PreservedInsect","Anchor","Coffee Dripper","Pantograph","Calling Bell","MealTicket","Old Coin","Lee\u0027s Waffle","The Specimen","Letter Opener","Torii"],"potions_floor_usage":[19,22,29,42,45,56,56],"damage_taken":[{"damage":8.0,"enemies":"Jaw Worm","floor":1.0,"turns":6.0},{"damage":0.0,"enemies":"Cultist","floor":3.0,"turns":4.0},{"damage":0.0,"enemies":"Small Slimes","floor":5.0,"turns":2.0},{"damage":6.0,"enemies":"3 Sentries","floor":7.0,"turns":8.0},{"damage":0.0,"enemies":"Looter","floor":12.0,"turns":1.0},{"damage":13.0,"enemies":"Lagavulin","floor":13.0,"turns":6.0},{"damage":0.0,"enemies":"Blue Slaver","floor":14.0,"turns":2.0},{"damage":19.0,"enemies":"Hexaghost","floor":16.0,"turns":9.0},{"damage":3.0,"enemies":"2 Thieves","floor":18.0,"turns":4.0},{"damage":0,"enemies":"Chosen","floor":20,"turns":3},{"damage":30,"enemies":"Shelled Parasite and Fungi","floor":22,"turns":6},{"damage":0,"enemies":"Centurion and Healer","floor":24,"turns":5},{"damage":0,"enemies":"Slavers","floor":29,"turns":5},{"damage":0,"enemies":"Champ","floor":33,"turns":6},{"damage":13,"enemies":"3 Darklings","floor":35,"turns":3},{"damage":30,"enemies":"3 Shapes","floor":36,"turns":4},{"damage":1,"enemies":"Maw","floor":38,"turns":6},{"damage":41,"enemies":"Reptomancer","floor":40,"turns":4},{"damage":0,"enemies":"Giant Head","floor":42,"turns":4},{"damage":7,"enemies":"Spire Growth","floor":45,"turns":3},{"damage":9,"enemies":"Writhing Mass","floor":47,"turns":6},{"damage":0,"enemies":"3 Darklings","floor":48,"turns":3},{"damage":48,"enemies":"Donu and Deca","floor":50,"turns":9},{"damage":49,"enemies":"Time Eater","floor":51,"turns":14},{"damage":8,"enemies":"Shield and Spear","floor":55,"turns":4},{"damage":71,"enemies":"The Heart","floor":56,"turns":8}],"green_key_taken_log":13,"seed_played":"6814542000733355747","neow_bonus_log":{"cardsObtained":[],"cardsUpgraded":[],"cardsRemoved":[],"cardsTransformed":[],"relicsObtained":[],"maxHpGained":0,"goldGained":100,"damageTaken":0,"goldLost":0,"maxHpLost":0},"potions_obtained":[{"floor":3.0,"key":"CunningPotion"},{"floor":13.0,"key":"LiquidBronze"},{"floor":14.0,"key":"Fire Potion"},{"floor":19,"key":"EntropicBrew"},{"floor":24,"key":"Strength Potion"},{"floor":36,"key":"Dexterity Potion"},{"floor":42,"key":"Swift Potion"},{"floor":55,"key":"LiquidBronze"}],"is_trial":false,"path_per_floor":["M","?","M","$","M","R","E","?","T","$","?","M","E","M","R","B",null,"M","?","M","?","M","R","M","R","T","$","?","E","R","$","R","B",null,"M","M","?","M","$","E","R","E","T","R","M","?","M","M","R","B","B",null,"R","$","E","B",null],"character_chosen":"THE_SILENT","basemod:card_modifiers":[null,null,null,null,null,null,null,null,null,null,null,null,null,null,null,null,null,null,null,null,null,null,null,null,null,null,null,null,null,null,null,null,null,null],"items_purchased":["Terror","Strength Potion","Backstab","Deadly Poison","Apotheosis","Reflex","Lee\u0027s Waffle","Corpse Explosion","Prepared","DuplicationPotion","Energy Potion"],"campfire_rested":0,"item_purchase_floors":[4,4,4,10,27,31,39,39,54,54,54],"current_hp_per_floor":[51,46,46,46,46,46,40,40,40,40,40,40,27,27,27,8,52,49,49,49,49,19,19,19,19,19,19,19,19,19,19,19,44,61,48,18,18,17,73,32,32,32,32,32,25,40,31,31,31,8,21,60,60,73,65,2],"gold":56,"neow_bonus":"HUNDRED_GOLD","is_prod":false,"is_daily":false,"rewards_skipped":[{"floor":5,"relics":[],"potions":["Poison Potion"]},{"floor":16,"relics":[],"potions":["Dexterity Potion"]},{"floor":19,"relics":[],"potions":["FairyPotion"]},{"floor":20,"relics":[],"potions":["FearPotion"]}],"chose_seed":false,"campfire_upgraded":9,"win_rate":0,"floor_exit_playtime":[323,328,366,409,458,634,800,815,818,873,877,896,969,1007,1029,1182,1396,1514,1547,1600,1606,1761,1780,1869,1889,1892,1975,2022,2140,2148,2298,2325,2728,2961,3176,3276,3290,3414,3460,3625,3655,3828,3853,3858,3997,4004,4193,4295,4305,4608,5056,5068,5084,5144,5364,5790],"timestamp":1712855615,"blue_key_relic_skipped_log":{"floor":43,"relicID":"Strawberry"},"path_taken":["M","?","M","$","?","R","E","?","T","$","?","M","E","M","R","BOSS","M","?","M","?","?","R","M","R","T","$","?","E","R","?","R","BOSS","M","M","?","?","$","E","R","E","T","R","M","?","M","M","R","BOSS","BOSS","R","$","E","BOSS"],"build_version":"2022-12-01","purchased_purges":2,"victory":true,"max_hp_per_floor":[66,66,66,66,66,66,66,66,66,66,66,66,66,66,66,66,66,66,66,66,66,66,66,66,66,66,66,66,66,66,66,66,66,66,66,66,66,66,73,73,73,73,73,73,73,73,73,73,73,73,73,73,73,73,73,73],"relic_stats":{"Lee\u0027s Waffle":41,"Happy Flower":[26],"The Specimen":[0],"Torii":0,"counters":[26,135],"PreservedInsect":339,"Omamori":2,"Letter Opener":[362],"Sundial":[20],"Pantograph":83,"MealTicket":28,"obtain_stats":[{"Lantern":2,"Lee\u0027s Waffle":39,"Happy Flower":26,"The Specimen":40,"Torii":55,"PreservedInsect":7,"Omamori":13,"Letter Opener":42,"Old Coin":34,"Calling Bell":34,"Anchor":9,"Sundial":34,"Pantograph":29,"MealTicket":34,"Coffee Dripper":17,"Ring of the Snake":0},{"Lantern":1,"Lee\u0027s Waffle":17,"Happy Flower":12,"The Specimen":18,"Torii":25,"PreservedInsect":4,"Omamori":6,"Letter Opener":19,"Old Coin":14,"Calling Bell":14,"Anchor":4,"Sundial":14,"Pantograph":13,"MealTicket":14,"Coffee Dripper":8,"Ring of the Snake":0},{"Lantern":6,"Lee\u0027s Waffle":80,"Happy Flower":56,"The Specimen":84,"Torii":127,"PreservedInsect":20,"Omamori":27,"Letter Opener":88,"Old Coin":67,"Calling Bell":67,"Anchor":20,"Sundial":67,"Pantograph":61,"MealTicket":67,"Coffee Dripper":38,"Ring of the Snake":0}],"Ring of the Snake":[52]},"card_choices":[{"not_picked":["Cloak And Dagger","Blade Dance"],"picked":"Eviscerate","floor":1.0},{"not_picked":["Concentrate","Dash"],"picked":"Prepared","floor":3.0},{"not_picked":["Blur","Outmaneuver"],"picked":"Footwork","floor":5.0},{"not_picked":["Deflect","Prepared"],"picked":"Tactician","floor":7.0},{"not_picked":["Outmaneuver","Quick Slash"],"picked":"Prepared","floor":12.0},{"not_picked":["Crippling Poison","Riddle With Holes"],"picked":"Well Laid Plans","floor":13.0},{"not_picked":["Noxious Fumes","Cloak And Dagger","Infinite Blades"],"picked":"SKIP","floor":14.0},{"not_picked":["Doppelganger","Envenom"],"picked":"Die Die Die","floor":16.0},{"not_picked":["Outmaneuver","Dash","Dodge and Roll"],"picked":"SKIP","floor":18.0},{"not_picked":["Poisoned Stab","Quick Slash","Distraction"],"picked":"SKIP","floor":20},{"not_picked":["Dodge and Roll","Dagger Spray"],"picked":"Backflip","floor":22},{"not_picked":["Poisoned Stab","Blade Dance"],"picked":"Acrobatics+1","floor":24},{"not_picked":["Cloak And Dagger","Setup"],"picked":"Adrenaline","floor":29},{"not_picked":["Corpse Explosion","Adrenaline"],"picked":"Malaise","floor":33},{"not_picked":["Flechettes","Deflect"],"picked":"Tactician","floor":35},{"not_picked":["Reflex","Acrobatics"],"picked":"Eviscerate","floor":36},{"not_picked":["Bane","Outmaneuver","Poisoned Stab"],"picked":"SKIP","floor":38},{"not_picked":["Riddle With Holes","Distraction","Noxious Fumes"],"picked":"SKIP","floor":40},{"not_picked":["Bouncing Flask","Masterful Stab"],"picked":"PiercingWail+1","floor":42},{"not_picked":["Deadly Poison","Caltrops+1"],"picked":"Escape Plan","floor":45},{"not_picked":["Crippling Poison","Slice","Infinite Blades"],"picked":"SKIP","floor":47},{"not_picked":["Outmaneuver","Terror+1"],"picked":"Acrobatics","floor":48},{"not_picked":["Cloak And Dagger","Masterful Stab"],"picked":"Noxious Fumes","floor":55}],"player_experience":157095,"relics_obtained":[{"floor":7.0,"key":"PreservedInsect"},{"floor":9.0,"key":"Anchor"},{"floor":13.0,"key":"Omamori"},{"floor":26,"key":"Happy Flower"},{"floor":29,"key":"Pantograph"},{"floor":34,"key":"MealTicket"},{"floor":34,"key":"Sundial"},{"floor":34,"key":"Old Coin"},{"floor":40,"key":"The Specimen"},{"floor":42,"key":"Letter Opener"},{"floor":55,"key":"Torii"}],"event_choices":[{"damage_healed":0.0,"max_hp_gain":0.0,"max_hp_loss":0.0,"gold_gain":0.0,"event_name":"Scrap Ooze","player_choice":"Success","floor":2.0,"gold_loss":0.0,"damage_taken":5.0,"relics_obtained":["Lantern"]},{"damage_healed":0.0,"max_hp_gain":0.0,"max_hp_loss":0.0,"gold_gain":0.0,"cards_transformed":["Defend_G"],"event_name":"Transmorgrifier","player_choice":"Transformed","floor":8.0,"gold_loss":0.0,"damage_taken":0.0,"cards_obtained":["Doppelganger"]},{"damage_healed":0.0,"max_hp_gain":0.0,"max_hp_loss":0.0,"gold_gain":50.0,"event_name":"Golden Shrine","player_choice":"Pray","floor":11.0,"gold_loss":0.0,"damage_taken":0.0},{"damage_healed":0,"gold_gain":0,"player_choice":"Bought 2 Potions","damage_taken":0,"max_hp_gain":0,"max_hp_loss":0,"event_name":"The Woman in Blue","floor":19,"gold_loss":0},{"damage_healed":0,"gold_gain":50,"player_choice":"Stole From Cult","damage_taken":0,"max_hp_gain":0,"max_hp_loss":0,"event_name":"Nest","floor":21,"gold_loss":0},{"cards_removed":["Strike_G"],"damage_healed":0,"gold_gain":0,"player_choice":"Elegance","damage_taken":0,"max_hp_gain":0,"max_hp_loss":0,"event_name":"Back to Basics","floor":28,"gold_loss":0},{"damage_healed":0,"gold_gain":0,"player_choice":"Ignored","damage_taken":0,"max_hp_gain":0,"max_hp_loss":0,"event_name":"The Moai Head","floor":37,"gold_loss":0},{"damage_healed":15,"gold_gain":0,"player_choice":"Writhe","damage_taken":0,"max_hp_gain":0,"max_hp_loss":0,"event_name":"Winding Halls","floor":46,"gold_loss":0,"cards_obtained":["Writhe"]}],"is_beta":false,"boss_relics":[{"not_picked":["Astrolabe","HoveringKite"],"picked":"Coffee Dripper"},{"not_picked":["Tiny House","Velvet Choker"],"picked":"Calling Bell"}],"items_purged_floors":[27,39],"is_endless":false,"potions_floor_spawned":[3,5,13,14,16,20,24,36,42,55],"ascension_level":20,"potion_discard_per_floor":[[],[],[],[],[],[],[],[],[],[],[],[],[],[],[],[],[],[],["LiquidBronze","Fire Potion"],[],[],[],[],[],[],[],[],[],[],[],[],[],[],[],[],[],[],[],[],[],[],[],[],[],[],[],[],[],[],[],[],[],[],[],["Energy Potion"],[],[]]}