{"neow_bonuses_skipped_log":["UPGRADE_CARD","HUNDRED_GOLD","BOSS_RELIC"],"potions_obtained_entropic_brew":[[],[],[],[],[],[],[],[],[],[],[],[],[],[],[],[],[],[],[],[],[],[],[],[],[],[],[],[],[],[],[],[],[]],"neow_costs_skipped_log":["NONE","NONE","NONE"],"gold_per_floor":[364,61,77,88,88,88,108,138,138,150,168,168,133,164,164,241,241,252,252,252,271,10,45,45,78,78,78,78,78,96,111,111,111],"floor_reached":33,"playtime":2176,"items_purged":["Regret","Caltrops"],"score":640,"play_id":"57ccf73d-4533-407b-8a35-d9a00f614257","local_time":"20240418004417","score_breakdown":["Floors Climbed (33): 165","Enemies Slain (10): 20","Exordium Elites Killed (2): 20","City Elites Killed (2): 40","Bosses Slain (1): 50","Champion (1): 25","Ascension (20): 320"],"is_ascension_mode":true,"potions_obtained_alchemize":[[],[],[],[],[],[],[],[],[],[],[],[],[],[],[],[],[],[],[],[],[],[],[],[],[],[],[],[],[],[],[],[],[]],"campfire_choices":[{"data":"Eviscerate","floor":6.0,"key":"SMITH"},{"floor":12.0,"key":"REST"},{"data":"Prepared","floor":15.0,"key":"SMITH"},{"data":"Skewer","floor":24,"key":"SMITH"},{"floor":27,"key":"REST"},{"data":"Neutralize","floor":32,"key":"SMITH"}],"lesson_learned_per_floor":[[],[],[],[],[],[],[],[],[],[],[],[],[],[],[],[],[],[],[],[],[],[],[],[],[],[],[],[],[],[],[],[],[]],"neow_cost":"CURSE","improvable_cards":{},"seed_source_timestamp":215779065938625,"shop_contents":[{"floor":2,"relics":["Ancient Tea Set","Bottled Flame","Lee\u0027s Waffle"],"cards":["Quick Slash","Infinite Blades","Secret Weapon"],"potions":["LiquidMemories","SmokeBomb","EssenceOfSteel"]},{"floor":22,"relics":["Omamori","Akabeko"],"cards":["Sucker Punch","All Out Attack","Deflect","Dodge and Roll","Accuracy","Enlightenment","Mayhem"],"potions":["FearPotion","DuplicationPotion","Poison Potion"]}],"circlet_count":0,"master_deck":["AscendersBane","Survivor","Neutralize+1","Underhanded Strike","Prepared+1","Backflip","Dagger Throw","PanicButton+1","All Out Attack","Eviscerate+1","Footwork","Acrobatics","Dodge and Roll","Unload","Phantasmal Killer","Eviscerate","Storm of Steel","Tactician","Glass Knife","Expertise","Caltrops","Glass Knife","Skewer+1","Backflip","Prepared+1","Leg Sweep","Night Terror"],"special_seed":0,"potion_use_per_floor":[[],[],[],[],[],[],[],["AttackPotion","DistilledChaos"],[],[],[],[],[],[],[],["DistilledChaos"],[],["AttackPotion"],[],[],[],[],[],[],["DuplicationPotion"],[],[],[],[],[],[],[],["Explosive Potion"]],"relics":["Ring of the Snake","Tiny Chest","Bottled Lightning","TungstenRod","Pandora\u0027s Box","Ice Cream","Chemical X","StoneCalendar","Sundial","Smiling Mask","Meat on the Bone"],"potions_floor_usage":[25,33],"damage_taken":[{"damage":2.0,"enemies":"Small Slimes","floor":1.0,"turns":4.0},{"damage":0.0,"enemies":"2 Louse","floor":3.0,"turns":3.0},{"damage":0.0,"enemies":"Jaw Worm","floor":4.0,"turns":5.0},{"damage":3.0,"enemies":"Looter","floor":7.0,"turns":2.0},{"damage":16.0,"enemies":"Lagavulin","floor":8.0,"turns":8.0},{"damage":6.0,"enemies":"Exordium Thugs","floor":10.0,"turns":4.0},{"damage":2.0,"enemies":"Gremlin Gang","floor":11.0,"turns":3.0},{"damage":9.0,"enemies":"3 Sentries","floor":14.0,"turns":5.0},{"damage":30.0,"enemies":"Slime Boss","floor":16.0,"turns":13.0},{"damage":10.0,"enemies":"Shell Parasite","floor":18.0,"turns":2.0},{"damage":0.0,"enemies":"Spheric Guardian","floor":21.0,"turns":1.0},{"damage":0,"enemies":"Gremlin Leader","floor":23,"turns":5},{"damage":25,"enemies":"Slavers","floor":25,"turns":5},{"damage":0,"enemies":"Snecko","floor":30,"turns":3},{"damage":6,"enemies":"Snake Plant","floor":31,"turns":3},{"damage":56,"enemies":"Collector","floor":33,"turns":5}],"green_key_taken_log":8,"seed_played":"1592033989794151619","neow_bonus_log":{"cardsObtained":["Regret"],"cardsUpgraded":[],"cardsRemoved":[],"cardsTransformed":[],"relicsObtained":[],"maxHpGained":0,"goldGained":250,"damageTaken":0,"goldLost":0,"maxHpLost":0},"potions_obtained":[{"floor":1.0,"key":"DistilledChaos"},{"floor":7.0,"key":"AttackPotion"},{"floor":10.0,"key":"DistilledChaos"},{"floor":16.0,"key":"AttackPotion"},{"floor":18.0,"key":"Dexterity Potion"},{"floor":21.0,"key":"DuplicationPotion"},{"floor":31,"key":"Explosive Potion"}],"is_trial":false,"path_per_floor":["M","$","M","M","?","R","M","E","T","M","M","R","?","E","R","B",null,"M","?","?","M","$","E","R","E","T","R","T","T","M","M","R","B"],"character_chosen":"THE_SILENT","basemod:card_modifiers":[null,null,null,null,null,null,null,null,null,null,null,null,null,null,null,null,null,null,null,null,null,null,null,null,null,null,null],"items_purchased":["Prepared","Backflip","Dagger Throw","PanicButton","Chemical X"],"campfire_rested":2,"item_purchase_floors":[2,2,2,2,22],"current_hp_per_floor":[57,57,57,57,37,37,34,18,18,12,10,29,45,36,36,6,51,41,41,41,41,41,41,41,16,16,35,35,35,35,41,41,0],"gold":111,"neow_bonus":"TWO_FIFTY_GOLD","is_prod":false,"is_daily":false,"rewards_skipped":[],"chose_seed":false,"campfire_upgraded":4,"win_rate":0,"floor_exit_playtime":[94,124,185,245,266,287,346,536,549,619,720,724,729,851,869,1116,1167,1247,1253,1267,1312,1338,1549,1601,1766,1773,1781,1784,1789,1846,1941,1983],"timestamp":1713415457,"blue_key_relic_skipped_log":{"floor":26,"relicID":"Darkstone Periapt"},"path_taken":["M","$","M","M","?","R","M","E","T","M","M","R","?","E","R","BOSS","M","?","?","M","$","E","R","E","T","R","?","?","M","M","R","BOSS"],"build_version":"2022-12-01","purchased_purges":2,"victory":false,"max_hp_per_floor":[66,66,66,66,66,66,66,66,66,66,66,66,66,66,66,66,66,66,66,66,66,66,66,66,66,66,66,66,66,66,66,66,66],"relic_stats":{"Ice Cream":[1],"counters":[16,71],"StoneCalendar":[0],"Smiling Mask":0,"Sundial":[0],"Tiny Chest":1,"Pandora\u0027s Box":["Phantasmal Killer","Caltrops","Eviscerate","Storm of Steel","Tactician","Glass Knife","Expertise","Caltrops","Glass Knife","Skewer"],"Bottled Lightning":"Acrobatics","Chemical X":[9],"obtain_stats":[{"Ice Cream":19,"Sundial":25,"Tiny Chest":8,"Pandora\u0027s Box":17,"StoneCalendar":23,"Bottled Lightning":9,"Chemical X":22,"Smiling Mask":28,"TungstenRod":14,"Ring of the Snake":0,"Meat on the Bone":29},{"Ice Cream":10,"Sundial":13,"Tiny Chest":5,"Pandora\u0027s Box":9,"StoneCalendar":12,"Bottled Lightning":5,"Chemical X":11,"Smiling Mask":13,"TungstenRod":8,"Ring of the Snake":0,"Meat on the Bone":13},{"Ice Cream":49,"Sundial":60,"Tiny Chest":22,"Pandora\u0027s Box":47,"StoneCalendar":55,"Bottled Lightning":22,"Chemical X":50,"Smiling Mask":60,"TungstenRod":34,"Ring of the Snake":0,"Meat on the Bone":60}],"TungstenRod":16,"Ring of the Snake":[32],"Meat on the Bone":12},"card_choices":[{"not_picked":["Deflect","Sucker Punch"],"picked":"Underhanded Strike","floor":1.0},{"not_picked":["Heel Hook","Slice"],"picked":"All Out Attack","floor":3.0},{"not_picked":["Deflect","Dagger Throw"],"picked":"Eviscerate","floor":4.0},{"not_picked":["Slice","Bane"],"picked":"Footwork","floor":7.0},{"not_picked":["Sucker Punch","Backstab"],"picked":"Acrobatics","floor":8.0},{"not_picked":["Backflip","Caltrops"],"picked":"Dodge and Roll","floor":10.0},{"not_picked":["All Out Attack","Bane","Footwork"],"picked":"SKIP","floor":11.0},{"not_picked":["Choke","Distraction","Backflip"],"picked":"SKIP","floor":14.0},{"not_picked":["Night Terror","Phantasmal Killer"],"picked":"Unload","floor":16.0},{"not_picked":["Flying Knee","Heel Hook"],"picked":"Backflip","floor":18.0},{"not_picked":["Predator","Acrobatics"],"picked":"Leg Sweep","floor":21.0},{"not_picked":["After Image","Concentrate"],"picked":"Night Terror","floor":23},{"not_picked":["Backstab","Dash","Deflect"],"picked":"SKIP","floor":25},{"not_picked":["Dagger Throw","Flying Knee","Cloak And Dagger"],"picked":"SKIP","floor":30},{"not_picked":["Eviscerate","Poisoned Stab","Outmaneuver"],"picked":"SKIP","floor":31}],"player_experience":181122,"relics_obtained":[{"floor":8.0,"key":"Tiny Chest"},{"floor":9.0,"key":"Bottled Lightning"},{"floor":14.0,"key":"TungstenRod"},{"floor":23,"key":"StoneCalendar"},{"floor":25,"key":"Sundial"},{"floor":28,"key":"Smiling Mask"},{"floor":29,"key":"Meat on the Bone"}],"event_choices":[{"damage_healed":0.0,"max_hp_gain":0.0,"max_hp_loss":0.0,"gold_gain":0.0,"event_name":"Shining Light","player_choice":"Entered Light","floor":5.0,"gold_loss":0.0,"damage_taken":20.0,"cards_upgraded":["PanicButton","Strike_G"]},{"damage_healed":16.0,"max_hp_gain":0.0,"max_hp_loss":0.0,"gold_gain":0.0,"event_name":"The Cleric","player_choice":"Healed","floor":13.0,"gold_loss":35.0,"damage_taken":0.0},{"damage_healed":0.0,"max_hp_gain":0.0,"max_hp_loss":0.0,"gold_gain":0.0,"event_name":"WeMeetAgain","player_choice":"Gave Potion","floor":19.0,"gold_loss":0.0,"damage_taken":0.0,"relics_obtained":["Ice Cream"]},{"damage_healed":0.0,"max_hp_gain":0.0,"max_hp_loss":0.0,"gold_gain":0.0,"event_name":"Duplicator","player_choice":"Copied","floor":20.0,"gold_loss":0.0,"damage_taken":0.0,"cards_obtained":["Prepared"]}],"is_beta":false,"boss_relics":[{"not_picked":["Black Star","Sozu"],"picked":"Pandora\u0027s Box"}],"items_purged_floors":[2,22],"is_endless":false,"potions_floor_spawned":[1,7,10,16,18,21,31],"killed_by":"Collector","ascension_level":20,"potion_discard_per_floor":[[],[],[],[],[],[],[],[],[],[],[],[],[],[],[],[],[],[],[],[],[],[],[],[],[],[],[],[],[],[],[],[],[]]}