{"neow_bonuses_skipped_log":["RANDOM_COLORLESS","THREE_SMALL_POTIONS","BOSS_RELIC"],"potions_obtained_entropic_brew":[[],[],[],[],[],[],[]],"neow_costs_skipped_log":["NONE","NONE","NONE"],"gold_per_floor":[117,117,137,155,42,42,42],"floor_reached":7,"playtime":594,"items_purged":[],"score":82,"play_id":"1c5ef445-cd04-4975-a9f3-23a4188843dc","local_time":"20240416134033","score_breakdown":["Floors Climbed (7): 35","Enemies Slain (3): 6","Exordium Elites Killed (0): 0","Bosses Slain (0): 0","Ascension (20): 41"],"is_ascension_mode":true,"potions_obtained_alchemize":[[],[],[],[],[],[],[]],"campfire_choices":[{"data":"Skewer","floor":6.0,"key":"SMITH"}],"lesson_learned_per_floor":[[],[],[],[],[],[],[]],"neow_cost":"TEN_PERCENT_HP_LOSS","improvable_cards":{},"seed_source_timestamp":94149967937833,"shop_contents":[{"floor":5,"relics":["Sundial","MealTicket","ClockworkSouvenir"],"cards":["Bane","Choke","Malaise","Footwork","Discovery","The Bomb"],"potions":["SmokeBomb","Poison Potion"]}],"circlet_count":0,"master_deck":["AscendersBane","Strike_G","Strike_G","Strike_G","Strike_G","Strike_G","Defend_G","Defend_G","Defend_G","Defend_G","Defend_G","Survivor","Neutralize","Grand Finale","Blade Dance","Skewer+1","Acrobatics","Backflip"],"special_seed":0,"potion_use_per_floor":[[],[],[],[],[],[],["PowerPotion","ColorlessPotion"]],"relics":["Ring of the Snake","Golden Idol"],"potions_floor_usage":[7,7],"damage_taken":[{"damage":15.0,"enemies":"Jaw Worm","floor":1.0,"turns":8.0},{"damage":3.0,"enemies":"Small Slimes","floor":3.0,"turns":4.0},{"damage":7.0,"enemies":"Cultist","floor":4.0,"turns":4.0},{"damage":21,"enemies":"Lagavulin","floor":7,"turns":10}],"seed_played":"-1491470608280432669","neow_bonus_log":{"cardsObtained":[],"cardsUpgraded":[],"cardsRemoved":[],"cardsTransformed":[],"relicsObtained":[],"maxHpGained":0,"goldGained":0,"damageTaken":0,"goldLost":0,"maxHpLost":6},"potions_obtained":[{"floor":3.0,"key":"ColorlessPotion"}],"is_trial":false,"path_per_floor":["M","?","M","M","$","R","E"],"character_chosen":"THE_SILENT","basemod:card_modifiers":[null,null,null,null,null,null,null,null,null,null,null,null,null,null,null,null,null,null],"items_purchased":["PowerPotion","Backflip"],"campfire_rested":0,"item_purchase_floors":[5,5],"current_hp_per_floor":[44,44,41,34,34,34,13],"gold":42,"neow_bonus":"THREE_RARE_CARDS","is_prod":false,"is_daily":false,"rewards_skipped":[],"chose_seed":false,"campfire_upgraded":1,"win_rate":0,"floor_exit_playtime":[128,133,184,233,337,374],"timestamp":1713289233,"path_taken":["M","?","M","M","$","R","E"],"build_version":"2022-12-01","purchased_purges":0,"victory":false,"max_hp_per_floor":[60,54,54,54,54,54,54],"relic_stats":{"counters":[4,26],"Golden Idol":8,"obtain_stats":[{"Golden Idol":2,"Ring of the Snake":0},{"Golden Idol":1,"Ring of the Snake":0},{"Golden Idol":8,"Ring of the Snake":0}],"Ring of the Snake":[8]},"card_choices":[{"not_picked":["Phantasmal Killer","Malaise"],"picked":"Grand Finale","floor":0.0},{"not_picked":["Slice","PiercingWail"],"picked":"Blade Dance","floor":1.0},{"not_picked":["Slice","Outmaneuver"],"picked":"Skewer","floor":3.0},{"not_picked":["Outmaneuver","Terror"],"picked":"Acrobatics","floor":4.0}],"player_experience":170167,"relics_obtained":[],"event_choices":[{"damage_healed":0.0,"max_hp_gain":0.0,"max_hp_loss":6.0,"gold_gain":0.0,"event_name":"Golden Idol","player_choice":"Lose Max HP","floor":2.0,"gold_loss":0.0,"damage_taken":0.0,"relics_obtained":["Golden Idol"]}],"is_beta":false,"boss_relics":[],"items_purged_floors":[],"is_endless":false,"potions_floor_spawned":[3],"killed_by":"Lagavulin","ascension_level":20,"potion_discard_per_floor":[[],[],[],[],[],[],[]]}