{"neow_bonuses_skipped_log":["REMOVE_CARD","THREE_ENEMY_KILL","BOSS_RELIC"],"potions_obtained_entropic_brew":[[],[],[],[],[],[],[],[]],"neow_costs_skipped_log":["NONE","NONE","NONE"],"gold_per_floor":[118,133,145,160,13,13,68,68],"floor_reached":8,"playtime":451,"items_purged":[],"score":96,"play_id":"40691ffc-8504-48c7-a18f-52377b459070","local_time":"20240416135004","score_breakdown":["Floors Climbed (8): 40","Enemies Slain (4): 8","Exordium Elites Killed (0): 0","Bosses Slain (0): 0","Ascension (20): 48"],"is_ascension_mode":true,"potions_obtained_alchemize":[[],[],[],[],[],[],[],[]],"campfire_choices":[{"data":"Catalyst","floor":6,"key":"SMITH"}],"lesson_learned_per_floor":[[],[],[],[],[],[],[],[]],"neow_cost":"TEN_PERCENT_HP_LOSS","improvable_cards":{},"seed_source_timestamp":94892131772375,"shop_contents":[{"floor":5,"relics":["Meat on the Bone","Centennial Puzzle","ClockworkSouvenir"],"cards":["Die Die Die","Noxious Fumes","Bandage Up","HandOfGreed"],"potions":["Block Potion","Weak Potion","Poison Potion"]}],"circlet_count":0,"master_deck":["AscendersBane","Strike_G","Strike_G","Strike_G","Strike_G","Defend_G","Defend_G","Defend_G","Defend_G","Survivor","Neutralize","Bouncing Flask","Skewer","Catalyst+1","Reflex","Riddle With Holes","Acrobatics","Backflip","Terror"],"potion_use_per_floor":[[],[],[],[],[],[],["SteroidPotion","Swift Potion"],[]],"relics":["Ring of the Snake","Art of War"],"potions_floor_usage":[7,7],"damage_taken":[{"damage":1,"enemies":"2 Louse","floor":1,"turns":3},{"damage":0,"enemies":"Cultist","floor":2,"turns":3},{"damage":0,"enemies":"Small Slimes","floor":3,"turns":4},{"damage":1,"enemies":"3 Louse","floor":4,"turns":3},{"damage":23,"enemies":"Lagavulin Event","floor":7,"turns":4},{"damage":24,"enemies":"3 Sentries","floor":8,"turns":5}],"seed_played":"-7985064652279323975","neow_bonus_log":{"cardsObtained":[],"cardsUpgraded":[],"cardsRemoved":["Strike_G","Defend_G"],"cardsTransformed":[],"relicsObtained":[],"maxHpGained":0,"goldGained":0,"damageTaken":0,"goldLost":0,"maxHpLost":6},"potions_obtained":[{"floor":2,"key":"Swift Potion"},{"floor":3,"key":"SteroidPotion"},{"floor":7,"key":"FearPotion"}],"is_trial":false,"path_per_floor":["M","M","M","M","$","R","?","E"],"character_chosen":"THE_SILENT","basemod:card_modifiers":[null,null,null,null,null,null,null,null,null,null,null,null,null,null,null,null,null,null,null],"items_purchased":["Riddle With Holes","Acrobatics","Backflip"],"campfire_rested":0,"item_purchase_floors":[5,5,5],"current_hp_per_floor":[58,58,58,57,57,57,34,10],"gold":68,"neow_bonus":"REMOVE_TWO","is_prod":false,"is_daily":false,"rewards_skipped":[{"floor":4,"relics":[],"potions":["SkillPotion"]}],"chose_seed":false,"campfire_upgraded":1,"win_rate":0,"floor_exit_playtime":[94,132,167,210,241,257,367],"timestamp":1713289804,"path_taken":["M","M","M","M","$","R","?","E"],"build_version":"2022-12-01","purchased_purges":0,"victory":false,"max_hp_per_floor":[60,60,60,60,60,60,60,60],"relic_stats":{"counters":[6,22],"Art of War":[1],"obtain_stats":[{"Art of War":7,"Ring of the Snake":0},{"Art of War":5,"Ring of the Snake":0},{"Art of War":17,"Ring of the Snake":0}],"Ring of the Snake":[12]},"card_choices":[{"not_picked":["Dash","Escape Plan"],"picked":"Bouncing Flask","floor":1},{"not_picked":["Flechettes","Dodge and Roll"],"picked":"Skewer","floor":2},{"not_picked":["Cloak And Dagger","Sucker Punch"],"picked":"Catalyst","floor":3},{"not_picked":["Accuracy","Dodge and Roll"],"picked":"Reflex","floor":4},{"not_picked":["Slice","PiercingWail"],"picked":"Terror","floor":7}],"player_experience":170761,"relics_obtained":[{"floor":7,"key":"Art of War"}],"event_choices":[{"damage_healed":0,"gold_gain":0,"player_choice":"Searched \u00271\u0027 times","damage_taken":0,"max_hp_gain":0,"max_hp_loss":0,"event_name":"Dead Adventurer","floor":7,"gold_loss":0}],"is_beta":false,"boss_relics":[],"items_purged_floors":[],"is_endless":false,"potions_floor_spawned":[2,3,4,7],"killed_by":"3 Sentries","ascension_level":20,"potion_discard_per_floor":[[],[],[],[],[],[],[],[]]}