{"neow_bonuses_skipped_log":["TEN_PERCENT_HP_BONUS","TWENTY_PERCENT_HP_BONUS","BOSS_RELIC"],"potions_obtained_entropic_brew":[[],[],[],[],[],[],[],[],[],[],[],[],[],[],[],[],[],[],[],[],[],[]],"neow_costs_skipped_log":["NONE","NO_GOLD","NONE"],"gold_per_floor":[116,131,151,166,49,49,67,102,127,277,23,23,51,62,62,140,140,160,435,415,9,9],"floor_reached":22,"playtime":1490,"items_purged":["Doubt","Regret"],"score":392,"play_id":"9c5eea88-3d66-45a7-ad7b-ea2fc80b2295","local_time":"20240416155142","score_breakdown":["Floors Climbed (22): 110","Enemies Slain (8): 16","Exordium Elites Killed (2): 20","City Elites Killed (0): 0","Bosses Slain (1): 50","Ascension (20): 196"],"is_ascension_mode":true,"potions_obtained_alchemize":[[],[],[],[],[],[],[],["Ancient Potion"],[],[],[],[],["Weak Potion"],["SteroidPotion"],[],["AttackPotion"],[],["GhostInAJar"],[],["SkillPotion"],[],["ColorlessPotion"]],"campfire_choices":[{"data":"Dagger Spray","floor":6.0,"key":"SMITH"},{"floor":12.0,"key":"REST"},{"floor":15,"key":"REST"}],"lesson_learned_per_floor":[[],[],[],[],[],[],[],[],[],[],[],[],[],[],[],[],[],[],[],[],[],[]],"neow_cost":"NONE","improvable_cards":{},"seed_source_timestamp":101115052989167,"shop_contents":[{"floor":5,"relics":["Ancient Tea Set","Kunai","HandDrill"],"cards":["Die Die Die","Blur","Tactician","Envenom","PanicButton","Transmutation"],"potions":["Regen Potion","Energy Potion"]},{"floor":11,"relics":["Toy Ornithopter","Question Card","OrangePellets"],"cards":["Predator","Riddle With Holes","Crippling Poison","Prepared","Well Laid Plans","Purity"],"potions":["LiquidBronze","Poison Potion","Ancient Potion"]},{"floor":21,"relics":["Blue Candle","PrismaticShard"],"cards":["Backstab","Quick Slash","Escape Plan","Caltrops","Impatience","Thinking Ahead"],"potions":["EntropicBrew","CunningPotion"]}],"circlet_count":0,"master_deck":["AscendersBane","Strike_G","Strike_G","Strike_G","Strike_G","Defend_G","Defend_G","Defend_G","Defend_G","Survivor","Neutralize+1","Dagger Spray+1","Dagger Throw","Dash","Well Laid Plans","Masterful Stab","Venomology","Bouncing Flask","Apotheosis","Acrobatics","Prepared","Bouncing Flask","Doppelganger","Leg Sweep"],"special_seed":0,"potion_use_per_floor":[[],[],[],[],[],[],[],["Explosive Potion","Ancient Potion"],[],[],[],[],["LiquidMemories"],["Weak Potion"],[],["SteroidPotion"],[],["AttackPotion","LiquidMemories"],[],["GhostInAJar","SkillPotion"],[],["ColorlessPotion","Fire Potion"]],"relics":["Ring of the Snake","Bottled Tornado","Snake Skull","Dream Catcher","Empty Cage","PreservedInsect"],"potions_floor_usage":[14,16,18,18,20,20,22,22],"damage_taken":[{"damage":0.0,"enemies":"Cultist","floor":1.0,"turns":3.0},{"damage":7.0,"enemies":"Small Slimes","floor":2.0,"turns":3.0},{"damage":0.0,"enemies":"Jaw Worm","floor":3.0,"turns":4.0},{"damage":10.0,"enemies":"3 Louse","floor":4.0,"turns":2.0},{"damage":2.0,"enemies":"2 Fungi Beasts","floor":7.0,"turns":3.0},{"damage":26.0,"enemies":"Gremlin Nob","floor":8.0,"turns":5.0},{"damage":24.0,"enemies":"3 Sentries","floor":13.0,"turns":9.0},{"damage":1,"enemies":"Large Slime","floor":14,"turns":5},{"damage":8,"enemies":"Hexaghost","floor":16,"turns":8},{"damage":5,"enemies":"Chosen","floor":18,"turns":5},{"damage":14,"enemies":"2 Thieves","floor":20,"turns":5},{"damage":31,"enemies":"Chosen and Byrds","floor":22,"turns":4}],"green_key_taken_log":13,"seed_played":"6287598258695821447","neow_bonus_log":{"cardsObtained":[],"cardsUpgraded":["Neutralize"],"cardsRemoved":[],"cardsTransformed":[],"relicsObtained":[],"maxHpGained":0,"goldGained":0,"damageTaken":0,"goldLost":0,"maxHpLost":0},"potions_obtained":[{"floor":1.0,"key":"LiquidBronze"},{"floor":7.0,"key":"Explosive Potion"},{"floor":8.0,"key":"LiquidMemories"}],"is_trial":false,"path_per_floor":["M","M","M","M","$","R","M","E","T","?","$","R","E","M","R","B",null,"M","?","M","$","M"],"character_chosen":"THE_SILENT","basemod:card_modifiers":[null,null,null,null,null,null,null,null,null,null,null,null,null,null,null,null,null,null,null,null,null,null,null,null],"items_purchased":["Masterful Stab","LiquidMemories","Apotheosis","Fire Potion","Leg Sweep","PreservedInsect"],"campfire_rested":2,"item_purchase_floors":[5,5,11,21,21,21],"current_hp_per_floor":[59,52,52,42,42,42,40,14,14,14,14,33,9,8,27,19,54,49,49,35,35,4],"gold":9,"neow_bonus":"UPGRADE_CARD","is_prod":false,"is_daily":false,"rewards_skipped":[{"floor":14,"relics":[],"potions":["Poison Potion"]}],"chose_seed":false,"campfire_upgraded":1,"win_rate":0,"floor_exit_playtime":[128,153,196,320,365,380,428,522,526,530,572,579,766,888,894,1044,1101,1226,1231,1339,1412],"timestamp":1713297102,"path_taken":["M","?","M","M","$","R","M","E","T","?","$","R","E","M","R","BOSS","M","?","M","$","M"],"build_version":"2022-12-01","purchased_purges":2,"victory":false,"max_hp_per_floor":[66,66,66,66,66,66,66,66,66,66,66,66,66,66,66,66,66,66,66,66,66,66],"relic_stats":{"Dream Catcher":1,"counters":[12,56],"Snake Skull":[32],"PreservedInsect":0,"Bottled Tornado":"Well Laid Plans","obtain_stats":[{"Dream Catcher":13,"Snake Skull":9,"PreservedInsect":21,"Bottled Tornado":8,"Empty Cage":17,"Ring of the Snake":0},{"Dream Catcher":7,"Snake Skull":6,"PreservedInsect":11,"Bottled Tornado":6,"Empty Cage":9,"Ring of the Snake":0},{"Dream Catcher":29,"Snake Skull":20,"PreservedInsect":52,"Bottled Tornado":20,"Empty Cage":42,"Ring of the Snake":0}],"Ring of the Snake":[24]},"card_choices":[{"not_picked":["Slice","Calculated Gamble"],"picked":"Dagger Spray","floor":1.0},{"not_picked":["Expertise","Deflect"],"picked":"Dagger Throw","floor":2.0},{"not_picked":["Caltrops","Dodge and Roll"],"picked":"Dash","floor":3.0},{"not_picked":["Deflect","Predator"],"picked":"Well Laid Plans","floor":4.0},{"not_picked":["Finisher","Cloak And Dagger"],"picked":"Venomology","floor":7.0},{"not_picked":["Quick Slash","Die Die Die"],"picked":"Bouncing Flask","floor":8.0},{"not_picked":["Eviscerate","Leg Sweep"],"picked":"Acrobatics","floor":13.0},{"not_picked":["Blade Dance","Predator"],"picked":"Prepared","floor":14},{"not_picked":["Cloak And Dagger","Well Laid Plans"],"picked":"Bouncing Flask","floor":15},{"not_picked":["After Image","A Thousand Cuts"],"picked":"Doppelganger","floor":16},{"not_picked":["Terror","Heel Hook","Distraction"],"picked":"SKIP","floor":18},{"not_picked":["Deflect","Outmaneuver","Flying Knee"],"picked":"SKIP","floor":20}],"player_experience":171212,"relics_obtained":[{"floor":8.0,"key":"Bottled Tornado"},{"floor":9.0,"key":"Snake Skull"},{"floor":13.0,"key":"Dream Catcher"}],"event_choices":[{"damage_healed":0.0,"max_hp_gain":0.0,"max_hp_loss":0.0,"gold_gain":150.0,"event_name":"Liars Game","player_choice":"AGREE","floor":10.0,"gold_loss":0.0,"damage_taken":0.0,"cards_obtained":["Doubt"]},{"damage_healed":0,"gold_gain":275,"player_choice":"Desecrate","damage_taken":0,"max_hp_gain":0,"max_hp_loss":0,"event_name":"Golden Shrine","floor":19,"gold_loss":0,"cards_obtained":["Regret"]}],"is_beta":false,"boss_relics":[{"not_picked":["Ring of the Serpent","WristBlade"],"picked":"Empty Cage"}],"items_purged_floors":[11,21],"is_endless":false,"potions_floor_spawned":[1,7,8,14],"killed_by":"Chosen and Byrds","ascension_level":20,"potion_discard_per_floor":[[],[],[],[],[],[],["LiquidBronze"],[],[],[],[],[],[],[],[],[],[],[],[],[],[],[]]}