{"neow_bonuses_skipped_log":["THREE_CARDS","THREE_SMALL_POTIONS","BOSS_RELIC"],"potions_obtained_entropic_brew":[[],[],[],[],[],[],["Explosive Potion","BlessingOfTheForge"],[],[],[],[],[],[],[],[],[],[],["FairyPotion","Strength Potion"],[],[],[],[],[],[],[],[],[],[],[],[],[],[],[],[],[],[],[],[],[],[],[],[],[],[],[],[],[],[],[],[],[]],"neow_costs_skipped_log":["NONE","NONE","NONE"],"gold_per_floor":[19,19,36,49,59,59,86,86,86,117,117,151,162,178,178,255,255,265,245,520,113,126,161,176,250,330,330,9,9,40,54,54,128,128,142,158,15,32,0,28,48,82,82,117,117,117,12,30,30,30,30],"floor_reached":51,"playtime":3251,"items_purged":["Regret","Strike_G"],"score":1665,"play_id":"d6d2afd1-b49d-45ef-aa71-546e1a732aa1","local_time":"20240416164856","score_breakdown":["Floors Climbed (51): 255","Enemies Slain (15): 30","Exordium Elites Killed (3): 30","City Elites Killed (2): 40","Beyond Elites Killed (3): 90","Bosses Slain (3): 300","Money Money (1078): 25","Champion (2): 50","Overkill: 25","Ascension (20): 820"],"is_ascension_mode":true,"potions_obtained_alchemize":[[],[],[],[],[],[],[],[],[],[],[],[],[],[],[],[],[],[],[],[],[],[],[],[],[],[],[],[],[],[],[],[],[],[],[],[],[],[],[],[],[],[],[],[],[],[],[],[],[],[],[]],"campfire_choices":[{"data":"Bouncing Flask","floor":6,"key":"SMITH"},{"data":"Sadistic Nature","floor":8,"key":"SMITH"},{"data":"Calculated Gamble","floor":15,"key":"SMITH"},{"data":"Envenom","floor":27,"key":"SMITH"},{"data":"Tactician","floor":29,"key":"SMITH"},{"data":"Neutralize","floor":32,"key":"SMITH"},{"floor":45,"key":"RECALL"},{"floor":49,"key":"REST"}],"lesson_learned_per_floor":[[],[],[],[],[],[],[],[],[],[],[],[],[],[],[],[],[],[],[],[],[],[],[],[],[],[],[],[],[],[],[],[],[],[],[],[],[],[],[],[],[],[],[],[],[],[],[],[],[],[],[]],"neow_cost":"NO_GOLD","improvable_cards":{},"seed_source_timestamp":102821817036750,"shop_contents":[{"floor":21,"relics":["Bronze Scales","Pantograph","Strange Spoon"],"cards":["Flechettes","Setup","Deadly Poison","HandOfGreed"],"potions":["Poison Potion","GhostInAJar","EssenceOfSteel"]},{"floor":28,"relics":["Kunai","Orichalcum"],"cards":["Underhanded Strike","Unload","Dodge and Roll","Infinite Blades","Finesse","Thinking Ahead"],"potions":["Explosive Potion","SkillPotion","LiquidMemories"]},{"floor":37,"relics":["InkBottle","Ancient Tea Set","Toolbox"],"cards":["Underhanded Strike","Dagger Spray","Deflect","Well Laid Plans","Blind","Panache"],"potions":["LiquidMemories","Ancient Potion","CunningPotion"]},{"floor":47,"relics":["CeramicFish","Blood Vial","Chemical X"],"cards":["Sucker Punch","Dagger Throw","PiercingWail+1","Outmaneuver+1","Accuracy","Chrysalis+1"],"potions":["SteroidPotion","Poison Potion","BlessingOfTheForge"]}],"circlet_count":0,"master_deck":["AscendersBane","Strike_G","Strike_G","Strike_G","Strike_G","Defend_G","Defend_G","Defend_G","Defend_G","Defend_G","Survivor","Neutralize+1","Sadistic Nature+1","Bouncing Flask+1","Sucker Punch","Sucker Punch","Quick Slash","Calculated Gamble+1","Backflip","Tactician+1","Adrenaline","Acrobatics+1","Envenom+1","All Out Attack","Trip","Blade Dance+1","Corpse Explosion","Seeing Red","After Image","Blur","Armaments+1","PiercingWail","Panacea+1"],"potion_use_per_floor":[[],[],[],[],[],[],["Fire Potion","EntropicBrew"],[],[],[],[],[],[],[],[],["Explosive Potion"],[],["BlessingOfTheForge","EntropicBrew"],[],[],[],[],[],[],[],[],[],[],[],["DuplicationPotion"],[],[],["Poison Potion"],[],[],[],[],[],[],[],[],[],[],[],[],[],[],[],[],["LiquidMemories","FairyPotion"],[]],"relics":["Ring of the Snake","Pocketwatch","Snake Skull","PreservedInsect","Mummified Hand","Blue Candle","HornCleat","SlaversCollar","Tiny Chest","Bottled Tornado","Question Card","PrismaticShard","Runic Pyramid","Red Mask","StrikeDummy","Pen Nib","Prayer Wheel","Toxic Egg 2"],"potions_floor_usage":[7,7,16,18,18,30,33,50],"damage_taken":[{"damage":6,"enemies":"Cultist","floor":1,"turns":6},{"damage":0,"enemies":"2 Louse","floor":3,"turns":4},{"damage":1,"enemies":"Small Slimes","floor":4,"turns":3},{"damage":3,"enemies":"Exordium Thugs","floor":5,"turns":3},{"damage":10,"enemies":"Lagavulin","floor":7,"turns":5},{"damage":6,"enemies":"Gremlin Nob","floor":10,"turns":3},{"damage":0,"enemies":"Lagavulin","floor":12,"turns":4},{"damage":0,"enemies":"Looter","floor":13,"turns":2},{"damage":0,"enemies":"Large Slime","floor":14,"turns":1},{"damage":13,"enemies":"Slime Boss","floor":16,"turns":7},{"damage":0,"enemies":"Shell Parasite","floor":18,"turns":2},{"damage":1,"enemies":"Spheric Guardian","floor":22,"turns":3},{"damage":19,"enemies":"Gremlin Leader","floor":23,"turns":4},{"damage":1,"enemies":"Snecko","floor":24,"turns":2},{"damage":14,"enemies":"Book of Stabbing","floor":30,"turns":2},{"damage":0,"enemies":"Chosen and Byrds","floor":31,"turns":2},{"damage":11,"enemies":"Collector","floor":33,"turns":5},{"damage":0,"enemies":"3 Shapes","floor":35,"turns":3},{"damage":19,"enemies":"3 Darklings","floor":36,"turns":3},{"damage":10,"enemies":"Jaw Worm Horde","floor":38,"turns":2},{"damage":4,"enemies":"Reptomancer","floor":40,"turns":5},{"damage":0,"enemies":"Maw","floor":41,"turns":5},{"damage":11,"enemies":"Giant Head","floor":42,"turns":6},{"damage":0,"enemies":"Reptomancer","floor":44,"turns":5},{"damage":0,"enemies":"Sphere and 2 Shapes","floor":48,"turns":3},{"damage":45,"enemies":"Donu and Deca","floor":50,"turns":6},{"damage":11,"enemies":"Time Eater","floor":51,"turns":1}],"green_key_taken_log":40,"seed_played":"-5379376455998800669","neow_bonus_log":{"cardsObtained":[],"cardsUpgraded":[],"cardsRemoved":[],"cardsTransformed":[],"relicsObtained":[],"maxHpGained":0,"goldGained":0,"damageTaken":0,"goldLost":99,"maxHpLost":0},"potions_obtained":[{"floor":1,"key":"EntropicBrew"},{"floor":5,"key":"Fire Potion"},{"floor":16,"key":"EntropicBrew"},{"floor":19,"key":"DuplicationPotion"},{"floor":30,"key":"SneckoOil"},{"floor":31,"key":"Poison Potion"},{"floor":38,"key":"LiquidMemories"}],"is_trial":false,"path_per_floor":["M","?","M","M","M","R","E","R","T","E","?","E","M","M","R","B",null,"M","?","?","$","M","E","M","T","T","R","$","R","E","M","R","B",null,"M","M","$","M","?","E","M","E","T","E","R","T","$","M","R","B","B"],"character_chosen":"THE_SILENT","basemod:card_modifiers":[null,null,null,null,null,null,null,null,null,null,null,null,null,null,null,null,null,null,null,null,null,null,null,null,null,null,null,null,null,null,null,null,null],"items_purchased":["Envenom","All Out Attack","Trip","Corpse Explosion","PrismaticShard","Blur","Panacea+1"],"campfire_rested":1,"item_purchase_floors":[21,21,21,28,28,37,47],"current_hp_per_floor":[53,48,48,47,44,44,34,34,34,28,28,28,28,28,28,15,53,53,53,53,53,52,33,32,32,32,32,32,32,18,18,18,7,51,51,32,32,22,22,18,18,7,7,7,7,7,7,7,26,10,0],"gold":30,"neow_bonus":"RANDOM_COLORLESS_2","is_prod":false,"is_daily":false,"rewards_skipped":[{"floor":7,"relics":[],"potions":["Energy Potion"]},{"floor":12,"relics":[],"potions":["CultistPotion"]},{"floor":22,"relics":[],"potions":["SkillPotion"]},{"floor":40,"relics":[],"potions":["Energy Potion"]},{"floor":41,"relics":[],"potions":["FearPotion"]},{"floor":42,"relics":[],"potions":["Energy Potion"]},{"floor":48,"relics":[],"potions":["PowerPotion"]}],"chose_seed":false,"campfire_upgraded":6,"win_rate":0,"floor_exit_playtime":[104,108,168,228,286,320,427,444,447,502,520,599,634,666,672,792,868,930,940,953,1074,1153,1296,1349,1357,1361,1379,1413,1420,1472,1529,1556,1680,1716,1820,1946,1990,2065,2069,2234,2459,2670,2678,2864,2868,2870,2912,3050,3062,3224],"timestamp":1713300536,"blue_key_relic_skipped_log":{"floor":43,"relicID":"Bottled Lightning"},"path_taken":["M","?","M","M","M","R","E","R","T","E","?","E","M","M","R","BOSS","M","?","?","$","M","E","?","?","T","R","$","R","E","M","R","BOSS","M","M","$","M","?","E","M","E","T","E","R","?","$","?","R","BOSS","BOSS"],"build_version":"2022-12-01","purchased_purges":2,"victory":false,"max_hp_per_floor":[66,66,66,66,66,66,66,66,66,66,66,66,66,66,66,66,66,66,66,66,66,66,66,66,66,66,66,66,66,66,66,66,66,66,66,66,66,66,66,66,66,66,66,66,66,66,66,66,66,66,66],"relic_stats":{"counters":[27,97],"Blue Candle":[4],"Snake Skull":[180],"PreservedInsect":387,"Pen Nib":[3],"Bottled Tornado":"Sadistic Nature","Question Card":12,"Mummified Hand":[48],"Tiny Chest":1,"Prayer Wheel":1,"obtain_stats":[{"Blue Candle":10,"Snake Skull":2,"PreservedInsect":7,"Pen Nib":42,"Bottled Tornado":25,"Question Card":26,"PrismaticShard":28,"SlaversCollar":17,"HornCleat":12,"Mummified Hand":9,"Tiny Chest":23,"Prayer Wheel":44,"Red Mask":39,"Toxic Egg 2":46,"StrikeDummy":40,"Ring of the Snake":0,"Pocketwatch":30,"Runic Pyramid":34},{"Blue Candle":6,"Snake Skull":1,"PreservedInsect":5,"Pen Nib":23,"Bottled Tornado":14,"Question Card":14,"PrismaticShard":14,"SlaversCollar":10,"HornCleat":7,"Mummified Hand":5,"Tiny Chest":13,"Prayer Wheel":24,"Red Mask":20,"Toxic Egg 2":24,"StrikeDummy":21,"Ring of the Snake":0,"Pocketwatch":15,"Runic Pyramid":17},{"Blue Candle":24,"Snake Skull":6,"PreservedInsect":21,"Pen Nib":82,"Bottled Tornado":49,"Question Card":49,"PrismaticShard":49,"SlaversCollar":38,"HornCleat":28,"Mummified Hand":21,"Tiny Chest":47,"Prayer Wheel":87,"Red Mask":66,"Toxic Egg 2":87,"StrikeDummy":71,"Ring of the Snake":0,"Pocketwatch":51,"Runic Pyramid":58}],"Ring of the Snake":[54],"Pocketwatch":[11]},"card_choices":[{"not_picked":["Thinking Ahead","Chrysalis"],"picked":"Sadistic Nature","floor":0},{"not_picked":["Poisoned Stab","Setup"],"picked":"Bouncing Flask","floor":1},{"not_picked":["Deadly Poison","Dagger Throw"],"picked":"Sucker Punch","floor":3},{"not_picked":["Poisoned Stab","Sucker Punch","Cloak And Dagger"],"picked":"SKIP","floor":4},{"not_picked":["Dodge and Roll","Escape Plan"],"picked":"Sucker Punch","floor":5},{"not_picked":["Deadly Poison","Dagger Throw"],"picked":"Quick Slash","floor":7},{"not_picked":["Terror","Dagger Throw"],"picked":"Calculated Gamble","floor":10},{"not_picked":["Slice","Flying Knee","Blade Dance"],"picked":"SKIP","floor":12},{"not_picked":["Finisher","Terror"],"picked":"Backflip","floor":13},{"not_picked":["Dagger Throw","Prepared"],"picked":"Tactician","floor":14},{"not_picked":["Storm of Steel","Glass Knife"],"picked":"Adrenaline","floor":16},{"not_picked":["Poisoned Stab","Dagger Spray"],"picked":"Acrobatics+1","floor":18},{"not_picked":["Quick Slash+1","Deadly Poison","Dodge and Roll+1"],"picked":"SKIP","floor":22},{"not_picked":["Bane","Dash","Deflect"],"picked":"SKIP","floor":23},{"not_picked":["Crippling Poison","Deflect"],"picked":"Blade Dance+1","floor":24},{"not_picked":["Cleave","Fusion","Reaper"],"picked":"Seeing Red","floor":30},{"not_picked":["Wild Strike","Combust","Thunderclap","Masterful Stab"],"picked":"SKIP","floor":31},{"not_picked":["Core Surge","Blasphemy","Secret Weapon"],"picked":"After Image","floor":33},{"not_picked":["Flying Knee","Sword Boomerang","Jack Of All Trades","Enlightenment+1"],"picked":"SKIP","floor":35},{"not_picked":["SashWhip+1","Compile Driver","Infernal Blade","Ball Lightning"],"picked":"SKIP","floor":36},{"not_picked":["Steam","Flying Knee","Clothesline"],"picked":"Armaments+1","floor":38},{"not_picked":["Leg Sweep+1","Quick Slash+1","Beam Cell"],"picked":"PiercingWail","floor":40},{"not_picked":["Reckless Charge","Dash","Dodge and Roll","Prostrate"],"picked":"SKIP","floor":41},{"not_picked":["Sword Boomerang+1","Phantasmal Killer","Skewer","Flying Knee+1"],"picked":"SKIP","floor":42},{"not_picked":["Hello World","Scrape","Genetic Algorithm+1","FlurryOfBlows"],"picked":"SKIP","floor":44},{"not_picked":["FollowUp+1","Cleave","Conserve Battery+1","Eviscerate"],"picked":"SKIP","floor":48},{"not_picked":["Beam Cell","Consecrate","SashWhip","Steam+1"],"picked":"SKIP","floor":48}],"player_experience":172702,"relics_obtained":[{"floor":7,"key":"PreservedInsect"},{"floor":9,"key":"Mummified Hand"},{"floor":10,"key":"Blue Candle"},{"floor":12,"key":"HornCleat"},{"floor":23,"key":"Tiny Chest"},{"floor":25,"key":"Bottled Tornado"},{"floor":26,"key":"Question Card"},{"floor":30,"key":"Pocketwatch"},{"floor":40,"key":"StrikeDummy"},{"floor":42,"key":"Pen Nib"},{"floor":44,"key":"Prayer Wheel"},{"floor":46,"key":"Toxic Egg 2"}],"event_choices":[{"damage_healed":0,"gold_gain":0,"player_choice":"Success","damage_taken":5,"relics_obtained":["Snake Skull"],"max_hp_gain":0,"max_hp_loss":0,"event_name":"Scrap Ooze","floor":2,"gold_loss":0},{"damage_healed":0,"gold_gain":0,"player_choice":"Ignored","damage_taken":0,"max_hp_gain":0,"max_hp_loss":0,"event_name":"Golden Wing","floor":11,"gold_loss":0},{"damage_healed":0,"gold_gain":0,"player_choice":"Bought 1 Potion","damage_taken":0,"max_hp_gain":0,"max_hp_loss":0,"event_name":"The Woman in Blue","floor":19,"gold_loss":0},{"damage_healed":0,"gold_gain":275,"player_choice":"Desecrate","damage_taken":0,"max_hp_gain":0,"max_hp_loss":0,"event_name":"Golden Shrine","floor":20,"gold_loss":0,"cards_obtained":["Regret"]},{"damage_healed":0,"gold_gain":0,"player_choice":"Paid","damage_taken":0,"relics_obtained":["Red Mask"],"max_hp_gain":0,"max_hp_loss":0,"event_name":"Tomb of Lord Red Mask","floor":39,"gold_loss":32}],"is_beta":false,"boss_relics":[{"not_picked":["Black Star","WristBlade"],"picked":"SlaversCollar"},{"not_picked":["Pandora\u0027s Box","Sozu"],"picked":"Runic Pyramid"}],"items_purged_floors":[21,37],"is_endless":false,"potions_floor_spawned":[1,5,7,12,16,22,30,31,38,40,41,42,48],"killed_by":"Time Eater","ascension_level":20,"potion_discard_per_floor":[[],[],[],[],[],[],[],[],[],[],[],[],[],[],[],[],[],[],["Strength Potion"],[],[],[],[],[],[],[],[],[],[],[],["SneckoOil"],[],[],[],[],[],[],[],[],[],[],[],[],[],[],[],[],[],[],[],[]]}