{"neow_bonuses_skipped_log":["UPGRADE_CARD","HUNDRED_GOLD","BOSS_RELIC"],"neow_costs_skipped_log":["NONE","NONE","NONE"],"potions_obtained_entropic_brew":[[],[],[],[],[],[],[],[],[],[],[],[],[],[],[],[],[],[],[],[],[],[],[],[],[],[],[],[],[],[],[],[],[],[],[],[],[],[],[],[],[],[],[],[]],"gold_per_floor":[116,130,150,161,171,171,185,214,214,21,21,35,35,64,64,140,140,160,160,2,2,34,34,48,48,48,62,75,75,101,151,151,222,222,242,242,34,34,49,49,77,77,103,103],"floor_reached":44,"playtime":4114,"items_purged":["Defend_G","Regret","Defend_G"],"score":957,"play_id":"45549c8b-8972-42eb-83f1-f954358033b7","local_time":"20240427010656","falling_options_log":["Terror+1","Caltrops+1"],"score_breakdown":["Floors Climbed (44): 220","Enemies Slain (13): 26","Exordium Elites Killed (2): 20","City Elites Killed (1): 20","Beyond Elites Killed (1): 30","Bosses Slain (2): 150","Librarian: 25","Ascension (20): 466"],"is_ascension_mode":true,"potions_obtained_alchemize":[[],[],[],[],[],[],[],[],[],[],[],[],[],[],[],[],[],[],[],[],[],[],[],[],[],[],[],[],[],[],[],[],[],[],[],[],[],[],[],[],[],[],[],[]],"campfire_choices":[{"data":"Predator","floor":6.0,"key":"SMITH"},{"data":"Terror","floor":11.0,"key":"SMITH"},{"data":"Tools of the Trade","floor":13.0,"key":"SMITH"},{"floor":15.0,"key":"REST"},{"data":"Adrenaline","floor":23.0,"key":"SMITH"},{"data":"Acrobatics","floor":25.0,"key":"SMITH"},{"data":"All Out Attack","floor":29.0,"key":"SMITH"},{"floor":32.0,"key":"REST"},{"data":"Wraith Form v2","floor":40,"key":"SMITH"},{"data":"Well Laid Plans","floor":42,"key":"SMITH"}],"lesson_learned_per_floor":[[],[],[],[],[],[],[],[],[],[],[],[],[],[],[],[],[],[],[],[],[],[],[],[],[],[],[],[],[],[],[],[],[],[],[],[],[],[],[],[],[],[],[],[]],"neow_cost":"TEN_PERCENT_HP_LOSS","improvable_cards":{},"seed_source_timestamp":0,"shop_contents":[{"floor":10,"relics":["Bag of Marbles","Whetstone","Frozen Eye"],"cards":["Flying Knee","Choke","Blur","Noxious Fumes","Good Instincts","Sadistic Nature"],"potions":["LiquidBronze","Block Potion"]},{"floor":20,"relics":["CeramicFish","Question Card","Medical Kit"],"cards":["Flying Knee","Bane","Outmaneuver","Deadly Poison","Wraith Form v2","The Bomb"],"potions":["Energy Potion","FearPotion","CunningPotion"]},{"floor":37,"relics":["War Paint","Shuriken"],"cards":["Skewer","Predator","PiercingWail","Prepared","Infinite Blades","Dark Shackles","The Bomb"],"potions":["SmokeBomb","Regen Potion","Strength Potion"]}],"circlet_count":0,"master_deck":["AscendersBane","Strike_G","Strike_G","Defend_G","Defend_G","Defend_G","Survivor","Neutralize","Terror+1","Quick Slash","Predator+1","Acrobatics+1","Tools of the Trade+1","Blade Dance","Underhanded Strike","Adrenaline+1","Dagger Spray+1","Dark Shackles","Tools of the Trade+1","Footwork","PiercingWail","Well Laid Plans+1","Noxious Fumes","Wraith Form v2+1","After Image","Caltrops+1","Burst+1","Deflect+1","PiercingWail","After Image","Dodge and Roll","Tactician","Expertise","Secret Technique","Bandage Up","PanicButton","Backflip","Regret"],"special_seed":0,"potion_use_per_floor":[[],[],[],[],[],[],[],["Fire Potion"],[],[],[],[],[],["Strength Potion","FairyPotion"],[],[],[],[],[],[],[],[],[],[],[],[],[],[],[],["PowerPotion","GhostInAJar"],[],[],["SneckoOil","SpeedPotion"],[],[],[],[],[],[],[],["Regen Potion"],[],[],["SteroidPotion"]],"relics":["Ring of the Snake","Torii","Smiling Mask","Potion Belt","Sundial","Cursed Key","Kunai","Red Mask","Bronze Scales","Astrolabe","Orrery"],"potions_floor_usage":[41,44],"damage_taken":[{"damage":1.0,"enemies":"Small Slimes","floor":1.0,"turns":4.0},{"damage":2.0,"enemies":"Jaw Worm","floor":2.0,"turns":4.0},{"damage":1.0,"enemies":"2 Louse","floor":3.0,"turns":3.0},{"damage":2.0,"enemies":"Red Slaver","floor":4.0,"turns":3.0},{"damage":8.0,"enemies":"Lots of Slimes","floor":5.0,"turns":5.0},{"damage":7.0,"enemies":"3 Louse","floor":7.0,"turns":6.0},{"damage":11.0,"enemies":"Gremlin Nob","floor":8.0,"turns":3.0},{"damage":25.0,"enemies":"Exordium Thugs","floor":12.0,"turns":4.0},{"damage":11.0,"enemies":"3 Sentries","floor":14.0,"turns":6.0},{"damage":20.0,"enemies":"Slime Boss","floor":16.0,"turns":10.0},{"damage":6.0,"enemies":"2 Thieves","floor":18.0,"turns":5.0},{"damage":2.0,"enemies":"Masked Bandits","floor":22.0,"turns":6.0},{"damage":11.0,"enemies":"Spheric Guardian","floor":24.0,"turns":5.0},{"damage":3.0,"enemies":"Snake Plant","floor":27.0,"turns":3.0},{"damage":0.0,"enemies":"Centurion and Healer","floor":28.0,"turns":7.0},{"damage":1.0,"enemies":"Book of Stabbing","floor":30.0,"turns":4.0},{"damage":37.0,"enemies":"Collector","floor":33.0,"turns":11.0},{"damage":7.0,"enemies":"3 Shapes","floor":35.0,"turns":8.0},{"damage":0.0,"enemies":"3 Darklings","floor":39.0,"turns":9.0},{"damage":16,"enemies":"Reptomancer","floor":41,"turns":8},{"damage":47,"enemies":"2 Orb Walkers","floor":44,"turns":4}],"green_key_taken_log":30,"seed_played":"-8323608552015388407","neow_bonus_log":{"cardsObtained":[],"cardsUpgraded":[],"cardsRemoved":[],"cardsTransformed":[],"relicsObtained":["Torii"],"maxHpGained":0,"goldGained":0,"damageTaken":0,"goldLost":0,"maxHpLost":6},"potions_obtained":[{"floor":3.0,"key":"Ancient Potion"},{"floor":4.0,"key":"Fire Potion"},{"floor":5.0,"key":"FairyPotion"},{"floor":12.0,"key":"Strength Potion"},{"floor":16.0,"key":"PowerPotion"},{"floor":24.0,"key":"SpeedPotion"},{"floor":27.0,"key":"SneckoOil"},{"floor":30.0,"key":"SteroidPotion"},{"floor":39.0,"key":"Regen Potion"}],"is_trial":false,"path_per_floor":["M","M","M","M","M","R","M","E","T","$","R","M","R","E","R","B",null,"M","T","$","?","?","R","M","R","T","M","M","R","E","?","R","B",null,"M","?","$","?","M","R","E","R","T","?"],"character_chosen":"THE_SILENT","basemod:card_modifiers":[null,null,null,null,null,null,null,null,null,null,null,null,null,null,null,null,null,null,null,null,null,null,null,null,null,null,null,null,null,null,null,null,null,null,null,null,null,null],"items_purchased":["Blade Dance","GhostInAJar","Dark Shackles","Orrery"],"campfire_rested":2,"item_purchase_floors":[10,10,20,37],"current_hp_per_floor":[58,56,55,53,45,45,38,27,27,27,27,2,2,18,36,16,49,43,43,43,43,41,41,30,30,30,27,27,27,26,26,44,7,47,40,40,40,30,34,34,37,37,37,0],"gold":103,"neow_bonus":"ONE_RARE_RELIC","is_prod":false,"is_daily":false,"rewards_skipped":[{"floor":41,"relics":["Dead Branch"],"potions":[]}],"chose_seed":false,"campfire_upgraded":8,"win_rate":0,"floor_exit_playtime":[153,199,269,311,442,453,563,624,628,654,672,745,752,931,942,1089,1148,1228,1233,1254,1321,1449,1463,1612,1645,1653,1718,1886,2056,2183,2192,2274,2670,2824,2992,3004,3063,3143,3483,3498,3816,3866,3873],"timestamp":1714194416,"blue_key_relic_skipped_log":{"floor":43,"relicID":"PreservedInsect"},"path_taken":["M","M","M","M","M","R","M","E","T","$","R","?","R","E","R","BOSS","M","?","$","?","?","R","M","R","T","M","?","R","E","?","R","BOSS","M","?","?","?","M","R","E","R","T","?"],"build_version":"2022-12-01","purchased_purges":3,"victory":false,"max_hp_per_floor":[60,60,60,60,60,60,60,60,60,60,60,60,60,60,60,60,60,60,60,60,60,60,60,60,60,60,60,60,60,60,60,60,60,60,60,60,60,60,60,60,60,60,60,60],"relic_stats":{"Torii":38,"counters":[21,118],"Sundial":[18],"Bronze Scales":[135],"Astrolabe":["Caltrops","Burst","Deflect"],"Kunai":[34],"Smiling Mask":150,"Cursed Key":2,"obtain_stats":[{"Potion Belt":9,"Torii":0,"Sundial":14,"Bronze Scales":30,"Astrolabe":34,"Orrery":37,"Red Mask":22,"Kunai":19,"Smiling Mask":8,"Cursed Key":17,"Ring of the Snake":0},{"Potion Belt":7,"Torii":0,"Sundial":9,"Bronze Scales":16,"Astrolabe":17,"Orrery":18,"Red Mask":12,"Kunai":11,"Smiling Mask":7,"Cursed Key":10,"Ring of the Snake":0},{"Potion Belt":28,"Torii":0,"Sundial":38,"Bronze Scales":78,"Astrolabe":89,"Orrery":97,"Red Mask":59,"Kunai":53,"Smiling Mask":28,"Cursed Key":48,"Ring of the Snake":0}],"Ring of the Snake":[42]},"card_choices":[{"not_picked":["Catalyst","Dagger Spray"],"picked":"Terror","floor":1.0},{"not_picked":["Masterful Stab","Dagger Throw"],"picked":"Quick Slash","floor":2.0},{"not_picked":["Acrobatics","Backstab"],"picked":"Predator","floor":3.0},{"not_picked":["Dodge and Roll","Prepared"],"picked":"Acrobatics","floor":4.0},{"not_picked":["Dodge and Roll","Acrobatics"],"picked":"Tools of the Trade","floor":5.0},{"not_picked":["Heel Hook","Dodge and Roll","Catalyst"],"picked":"SKIP","floor":7.0},{"not_picked":["Sucker Punch","Dagger Throw","Skewer"],"picked":"SKIP","floor":8.0},{"not_picked":["Dash","Sucker Punch"],"picked":"Underhanded Strike","floor":12.0},{"not_picked":["Endless Agony","Bouncing Flask"],"picked":"All Out Attack","floor":14.0},{"not_picked":["Tools of the Trade","Malaise"],"picked":"Adrenaline","floor":16.0},{"not_picked":["Dodge and Roll","Underhanded Strike"],"picked":"Dagger Spray+1","floor":18.0},{"not_picked":["Catalyst","Riddle With Holes"],"picked":"Footwork","floor":22.0},{"not_picked":["Prepared","Dagger Throw"],"picked":"PiercingWail","floor":24.0},{"not_picked":["Outmaneuver","Deadly Poison"],"picked":"Well Laid Plans","floor":27.0},{"not_picked":["Underhanded Strike+1","Infinite Blades+1"],"picked":"Noxious Fumes","floor":28.0},{"not_picked":["Infinite Blades","Deflect+1"],"picked":"Wraith Form v2","floor":30.0},{"not_picked":["Glass Knife","Die Die Die"],"picked":"After Image","floor":33.0},{"not_picked":["Outmaneuver","Dagger Spray+1","Poisoned Stab"],"picked":"SKIP","floor":35.0},{"not_picked":["Quick Slash","Backflip"],"picked":"PiercingWail","floor":37.0},{"not_picked":["Acrobatics","Finisher+1"],"picked":"After Image","floor":37.0},{"not_picked":["Flying Knee","Poisoned Stab"],"picked":"Dodge and Roll","floor":37.0},{"not_picked":["Setup","Sucker Punch+1"],"picked":"Tactician","floor":37.0},{"not_picked":["Slice+1","Deadly Poison"],"picked":"Expertise","floor":37.0},{"not_picked":["Transmutation","Blind"],"picked":"Secret Technique","floor":38.0},{"not_picked":["Purity","Metamorphosis"],"picked":"Bandage Up","floor":38.0},{"not_picked":["Flash of Steel","Transmutation"],"picked":"PanicButton","floor":38.0},{"not_picked":["Deflect+1","Deadly Poison","Dodge and Roll"],"picked":"SKIP","floor":39.0},{"not_picked":["Masterful Stab","Poisoned Stab+1"],"picked":"Backflip","floor":41}],"player_experience":192930,"relics_obtained":[{"floor":8.0,"key":"Smiling Mask"},{"floor":9.0,"key":"Potion Belt"},{"floor":14.0,"key":"Sundial"},{"floor":19.0,"key":"Kunai"},{"floor":22.0,"key":"Red Mask"},{"floor":30.0,"key":"Bronze Scales"}],"event_choices":[{"damage_healed":0.0,"max_hp_gain":0.0,"max_hp_loss":0.0,"gold_gain":0.0,"event_name":"Duplicator","player_choice":"Copied","floor":21.0,"gold_loss":0.0,"damage_taken":0.0,"cards_obtained":["Tools of the Trade"]},{"damage_healed":0.0,"max_hp_gain":0.0,"max_hp_loss":0.0,"gold_gain":0.0,"event_name":"Masked Bandits","player_choice":"Fought Bandits","floor":22.0,"gold_loss":0.0,"damage_taken":0.0},{"damage_healed":0.0,"max_hp_gain":0.0,"max_hp_loss":0.0,"gold_gain":50.0,"event_name":"Nest","player_choice":"Stole From Cult","floor":31.0,"gold_loss":0.0,"damage_taken":0.0},{"cards_removed":["All Out Attack"],"damage_healed":0.0,"max_hp_gain":0.0,"max_hp_loss":0.0,"gold_gain":0.0,"event_name":"Falling","player_choice":"Removed Attack","floor":36.0,"gold_loss":0.0,"damage_taken":0.0},{"damage_healed":0.0,"max_hp_gain":0.0,"max_hp_loss":0.0,"gold_gain":0.0,"event_name":"SensoryStone","player_choice":"Memory 3","floor":38.0,"gold_loss":0.0,"damage_taken":10.0},{"damage_healed":0,"gold_gain":0,"player_choice":"Fight","damage_taken":0,"max_hp_gain":0,"max_hp_loss":0,"event_name":"Mysterious Sphere","floor":44,"gold_loss":0}],"is_beta":false,"boss_relics":[{"not_picked":["HoveringKite","Tiny House"],"picked":"Cursed Key"},{"not_picked":["Calling Bell","Busted Crown"],"picked":"Astrolabe"}],"items_purged_floors":[10,20,37],"is_endless":false,"potions_floor_spawned":[3,4,5,12,16,24,27,30,39],"killed_by":"2 Orb Walkers","ascension_level":20,"potion_discard_per_floor":[[],[],[],[],["Ancient Potion"],[],[],[],[],[],[],[],[],[],[],[],[],[],[],[],[],[],[],[],[],[],[],[],[],[],[],[],[],[],[],[],[],[],[],[],[],[],[],[]]}