{"neow_bonuses_skipped_log":["REMOVE_CARD","HUNDRED_GOLD","BOSS_RELIC"],"neow_costs_skipped_log":["NONE","NONE","NONE"],"potions_obtained_entropic_brew":[[],[],[],[],[],[],[]],"gold_per_floor":[19,35,54,74,50,50,50],"floor_reached":7,"playtime":497,"items_purged":[],"score":90,"play_id":"7e13e91f-e0a4-43ba-99c3-acc15a60a684","local_time":"20240619232022","score_breakdown":["Floors Climbed (7): 35","Enemies Slain (5): 10","Exordium Elites Killed (0): 0","Bosses Slain (0): 0","Ascension (20): 45"],"is_ascension_mode":true,"potions_obtained_alchemize":[[],[],[],[],[],[],[]],"campfire_choices":[{"data":"Phantasmal Killer","floor":6,"key":"SMITH"}],"lesson_learned_per_floor":[[],[],[],[],[],[],[]],"neow_cost":"NO_GOLD","improvable_cards":{},"seed_source_timestamp":215743330947875,"shop_contents":[],"circlet_count":0,"master_deck":["AscendersBane","Strike_G","Strike_G","Strike_G","Strike_G","Strike_G","Defend_G","Defend_G","Defend_G","Defend_G","Defend_G","Survivor","Neutralize","Burst","Acrobatics","Dash","Calculated Gamble","Phantasmal Killer+1"],"potion_use_per_floor":[[],[],[],[],[],[],["CunningPotion"]],"relics":["Ring of the Snake"],"potions_floor_usage":[7],"damage_taken":[{"damage":1,"enemies":"Cultist","floor":1,"turns":5},{"damage":3,"enemies":"Jaw Worm","floor":2,"turns":9},{"damage":4,"enemies":"2 Louse","floor":3,"turns":3},{"damage":10,"enemies":"Red Slaver","floor":4,"turns":6},{"damage":1,"enemies":"Exordium Thugs","floor":5,"turns":4},{"damage":40,"enemies":"Lagavulin","floor":7,"turns":8}],"seed_played":"317039747062978426","neow_bonus_log":{"cardsObtained":[],"cardsUpgraded":[],"cardsRemoved":[],"cardsTransformed":[],"relicsObtained":[],"maxHpGained":0,"goldGained":0,"damageTaken":0,"goldLost":99,"maxHpLost":0},"potions_obtained":[{"floor":3,"key":"CunningPotion"}],"is_trial":false,"path_per_floor":["M","M","M","M","M","R","E"],"character_chosen":"THE_SILENT","basemod:card_modifiers":[null,null,null,null,null,null,null,null,null,null,null,null,null,null,null,null,null,null],"items_purchased":[],"campfire_rested":0,"item_purchase_floors":[],"current_hp_per_floor":[58,55,51,41,40,40,0],"gold":50,"neow_bonus":"THREE_RARE_CARDS","is_prod":false,"is_daily":false,"rewards_skipped":[],"chose_seed":false,"campfire_upgraded":1,"win_rate":0,"floor_exit_playtime":[100,185,234,308,364,377],"timestamp":1718853622,"path_taken":["M","M","M","?","M","R","E"],"build_version":"2022-12-01","purchased_purges":0,"victory":false,"max_hp_per_floor":[66,66,66,66,66,66,66],"relic_stats":{"counters":[6,35],"obtain_stats":[{"Ring of the Snake":0},{"Ring of the Snake":0},{"Ring of the Snake":0}],"Ring of the Snake":[12]},"card_choices":[{"not_picked":["Phantasmal Killer","Wraith Form v2"],"picked":"Burst","floor":0},{"not_picked":["Bane","Outmaneuver"],"picked":"Acrobatics","floor":1},{"not_picked":["Dodge and Roll","Outmaneuver"],"picked":"Dash","floor":2},{"not_picked":["Distraction","Leg Sweep"],"picked":"Calculated Gamble","floor":3},{"not_picked":["Quick Slash","Infinite Blades","Bane"],"picked":"SKIP","floor":4},{"not_picked":["Blade Dance","Sucker Punch"],"picked":"Phantasmal Killer","floor":5}],"player_experience":180221,"relics_obtained":[],"event_choices":[],"is_beta":false,"boss_relics":[],"items_purged_floors":[],"is_endless":false,"potions_floor_spawned":[3],"killed_by":"Lagavulin","ascension_level":20,"potion_discard_per_floor":[[],[],[],[],[],[],[]]}