{"neow_bonuses_skipped_log":["THREE_SMALL_POTIONS","TWENTY_PERCENT_HP_BONUS","BOSS_RELIC"],"neow_costs_skipped_log":["NONE","CURSE","NONE"],"potions_obtained_entropic_brew":[[],[],[],[],[],[],[],[],[],[],[],[],[]],"gold_per_floor":[114,129,139,157,169,169,181,212,212,212,247,172,202],"floor_reached":13,"playtime":787,"items_purged":["Strike_G"],"score":194,"play_id":"0c242dc9-c9b4-427b-b81a-cf3cdc6c6425","local_time":"20240619231150","score_breakdown":["Floors Climbed (13): 65","Enemies Slain (6): 12","Exordium Elites Killed (2): 20","Bosses Slain (0): 0","Ascension (20): 97"],"is_ascension_mode":true,"potions_obtained_alchemize":[[],[],[],[],[],[],[],[],[],[],[],[],[]],"campfire_choices":[{"data":"Blade Dance","floor":6,"key":"SMITH"},{"data":"Predator","floor":10,"key":"SMITH"}],"lesson_learned_per_floor":[[],[],[],[],[],[],[],[],[],[],[],[],[]],"neow_cost":"NONE","improvable_cards":{},"seed_source_timestamp":214939087473500,"shop_contents":[{"floor":12,"relics":["Torii","Omamori","Chemical X"],"cards":["Slice","Flying Knee","Setup","Blade Dance","Accuracy","Deep Breath","Mayhem"],"potions":["DuplicationPotion","Swift Potion","Energy Potion"]}],"circlet_count":0,"master_deck":["AscendersBane","Strike_G","Strike_G","Strike_G","Strike_G","Defend_G","Defend_G","Defend_G","Defend_G","Defend_G","Survivor","Neutralize","Burst","Blade Dance+1","Predator+1","Deadly Poison","Wraith Form v2","Terror","All Out Attack","Tools of the Trade","Acrobatics"],"potion_use_per_floor":[[],[],[],[],[],[],[],["LiquidBronze"],[],[],["Block Potion"],[],["GamblersBrew","SpeedPotion"]],"relics":["Ring of the Snake","Pantograph","Mercury Hourglass","Paper Crane"],"potions_floor_usage":[8,11,13,13],"damage_taken":[{"damage":0,"enemies":"2 Louse","floor":1,"turns":3},{"damage":0,"enemies":"Cultist","floor":2,"turns":4},{"damage":8,"enemies":"Jaw Worm","floor":3,"turns":4},{"damage":11,"enemies":"Large Slime","floor":4,"turns":6},{"damage":5,"enemies":"Exordium Wildlife","floor":5,"turns":4},{"damage":8,"enemies":"Blue Slaver","floor":7,"turns":4},{"damage":1,"enemies":"Gremlin Nob","floor":8,"turns":4},{"damage":10,"enemies":"Lagavulin","floor":11,"turns":4},{"damage":25,"enemies":"Lagavulin Event","floor":13,"turns":5}],"seed_played":"-4760993279333122834","neow_bonus_log":{"cardsObtained":["Burst"],"cardsUpgraded":[],"cardsRemoved":[],"cardsTransformed":[],"relicsObtained":[],"maxHpGained":0,"goldGained":0,"damageTaken":0,"goldLost":0,"maxHpLost":0},"potions_obtained":[{"floor":4,"key":"LiquidBronze"},{"floor":7,"key":"Block Potion"},{"floor":8,"key":"GamblersBrew"},{"floor":11,"key":"SpeedPotion"}],"is_trial":false,"path_per_floor":["M","M","M","M","M","R","M","E","T","R","E","$","?"],"character_chosen":"THE_SILENT","basemod:card_modifiers":[null,null,null,null,null,null,null,null,null,null,null,null,null,null,null,null,null,null,null,null,null],"items_purchased":[],"campfire_rested":0,"item_purchase_floors":[],"current_hp_per_floor":[59,59,51,40,35,35,27,26,26,26,16,16,0],"gold":202,"neow_bonus":"ONE_RANDOM_RARE_CARD","is_prod":false,"is_daily":false,"rewards_skipped":[],"chose_seed":false,"campfire_upgraded":2,"win_rate":1,"floor_exit_playtime":[95,131,166,251,308,352,399,495,498,533,592,648],"timestamp":1718853110,"path_taken":["M","M","M","M","M","R","M","E","T","R","E","$","?"],"build_version":"2022-12-01","purchased_purges":1,"victory":false,"max_hp_per_floor":[66,66,66,66,66,66,66,66,66,66,66,66,66],"relic_stats":{"counters":[9,38],"Pantograph":0,"obtain_stats":[{"Pantograph":8,"Paper Crane":11,"Ring of the Snake":0,"Mercury Hourglass":9},{"Pantograph":7,"Paper Crane":8,"Ring of the Snake":0,"Mercury Hourglass":7},{"Pantograph":29,"Paper Crane":33,"Ring of the Snake":0,"Mercury Hourglass":29}],"Ring of the Snake":[18],"Mercury Hourglass":[24]},"card_choices":[{"not_picked":["Underhanded Strike","Prepared"],"picked":"Blade Dance","floor":1},{"not_picked":["Skewer","Dagger Spray"],"picked":"Predator","floor":2},{"not_picked":["Sucker Punch","Bane"],"picked":"Deadly Poison","floor":3},{"not_picked":["Concentrate","Blade Dance"],"picked":"Wraith Form v2","floor":4},{"not_picked":["Flying Knee","Riddle With Holes"],"picked":"Terror","floor":5},{"not_picked":["Dash","Dagger Spray"],"picked":"All Out Attack","floor":7},{"not_picked":["Concentrate","Eviscerate"],"picked":"Tools of the Trade","floor":8},{"not_picked":["Setup","Sucker Punch"],"picked":"Acrobatics","floor":11}],"player_experience":179434,"relics_obtained":[{"floor":8,"key":"Pantograph"},{"floor":9,"key":"Mercury Hourglass"},{"floor":11,"key":"Paper Crane"}],"event_choices":[{"damage_healed":0,"gold_gain":30,"player_choice":"Searched \u00273\u0027 times","damage_taken":0,"max_hp_gain":0,"max_hp_loss":0,"event_name":"Dead Adventurer","floor":13,"gold_loss":0}],"is_beta":false,"boss_relics":[],"items_purged_floors":[12],"is_endless":false,"potions_floor_spawned":[4,7,8,11],"killed_by":"Lagavulin Event","ascension_level":20,"potion_discard_per_floor":[[],[],[],[],[],[],[],[],[],[],[],[],[]]}