{"neow_bonuses_skipped_log":["UPGRADE_CARD","RANDOM_COMMON_RELIC","BOSS_RELIC"],"potions_obtained_entropic_brew":[[],[],[],[],["Strength Potion","Explosive Potion"],[],[],[],[],[],[],[],[],[],[],[],[],[],[],[],[],[],[],[],[],[],[],[],[],[],[],[],[],[],[],[],[],[],[],[],[],[],[],[],[],[],[],[],[],[],[],[],[],[],[],[],[]],"neow_costs_skipped_log":["NONE","NONE","NONE"],"gold_per_floor":[18,28,103,15,15,15,45,45,45,78,78,88,30,61,61,135,135,154,169,180,230,17,17,52,52,52,69,69,103,28,42,42,115,115,129,129,129,129,454,454,466,494,494,494,514,541,763,393,393,393,393,393,393,35,69,69],"floor_reached":57,"playtime":7257,"items_purged":["Strike_G"],"score":2809,"play_id":"d1a04316-0d3b-4459-b307-00c77c0bfa03","local_time":"20240620090620","falling_options_log":["Dagger Spray","Well Laid Plans+1"],"score_breakdown":["Floors Climbed (57): 285","Enemies Slain (11): 22","Exordium Elites Killed (3): 30","City Elites Killed (1): 20","Beyond Elites Killed (2): 60","Bosses Slain (5): 750","Money Money (1231): 25","Perfect (2): 100","Ascension (20): 1267","Heartbreaker: 250"],"is_ascension_mode":true,"potions_obtained_alchemize":[[],[],[],[],[],[],[],[],[],[],[],[],[],[],[],[],[],[],[],[],[],[],[],[],[],[],[],[],[],[],[],[],[],[],[],[],[],[],[],[],[],[],[],[],[],[],[],[],[],[],[],[],[],[],[],[],[]],"campfire_choices":[{"data":"Bouncing Flask","floor":6.0,"key":"SMITH"},{"data":"Predator","floor":8.0,"key":"SMITH"},{"data":"Tools of the Trade","floor":11.0,"key":"SMITH"},{"data":"Footwork","floor":15.0,"key":"SMITH"},{"data":"Acrobatics","floor":23.0,"key":"SMITH"},{"data":"Well Laid Plans","floor":25.0,"key":"SMITH"},{"data":"1","floor":28.0,"key":"LIFT"},{"data":"2","floor":32.0,"key":"LIFT"},{"data":"Calculated Gamble","floor":40.0,"key":"SMITH"},{"data":"After Image","floor":44.0,"key":"SMITH"},{"floor":49.0,"key":"RECALL"},{"data":"Caltrops","floor":53.0,"key":"SMITH"}],"lesson_learned_per_floor":[[],[],[],[],[],[],[],[],[],[],[],[],[],[],[],[],[],[],[],[],[],[],[],[],[],[],[],[],[],[],[],[],[],[],[],[],[],[],[],[],[],[],[],[],[],[],[],[],[],[],[],[],[],[],[],[],[]],"neow_cost":"NO_GOLD","improvable_cards":{},"seed_source_timestamp":0,"shop_contents":[{"floor":4,"relics":["Eternal Feather","Happy Flower","TheAbacus"],"cards":["Masterful Stab","Endless Agony","Dodge and Roll","Noxious Fumes","Swift Strike","Mayhem"],"potions":["EssenceOfSteel","SpeedPotion","Explosive Potion"]},{"floor":13,"relics":["Pantograph","Question Card","Membership Card"],"cards":["Underhanded Strike","Deadly Poison","PiercingWail","Caltrops","Mind Blast","Panache"],"potions":["Block Potion","BlessingOfTheForge","EntropicBrew"]},{"floor":22,"relics":["Akabeko","Toolbox"],"cards":["Sucker Punch","Quick Slash","Leg Sweep","Noxious Fumes","Deep Breath","Secret Technique"],"potions":["DistilledChaos","Block Potion","Energy Potion"]},{"floor":48,"relics":["Vajra","Gremlin Horn","Chemical X"],"cards":["Finisher+1","Backstab+1","Deadly Poison","Well Laid Plans","Violence"],"potions":["FearPotion"]},{"floor":54,"relics":["Blue Candle","Strange Spoon"],"cards":["Poisoned Stab+1","Dagger Throw+1","Storm of Steel","Noxious Fumes","Mind Blast+1","Secret Technique"],"potions":["Fruit Juice","ColorlessPotion"]}],"circlet_count":0,"master_deck":["AscendersBane","Defend_G","Defend_G","Defend_G","Survivor","Neutralize","Tools of the Trade+1","Tools of the Trade","Caltrops+1","Quick Slash","Bouncing Flask+1","Predator+1","Well Laid Plans+1","Dagger Spray","Footwork+1","Unload","Calculated Gamble+1","Acrobatics+1","Leg Sweep","After Image+1","Calculated Gamble+1","Master of Strategy","Panacea","Backflip","Concentrate+1","Acrobatics","Forethought","Catalyst","Backflip","Caltrops+1"],"special_seed":0,"potion_use_per_floor":[[],[],[],[],["EntropicBrew"],[],[],[],[],["Strength Potion"],[],[],[],[],[],[],[],[],[],[],[],[],[],["Explosive Potion","GamblersBrew","PowerPotion"],[],[],[],[],[],[],[],[],[],[],[],[],[],[],[],[],[],["DuplicationPotion"],[],[],[],["Regen Potion"],[],[],[],["AttackPotion"],[],[],[],[],["SneckoOil","Energy Potion"],["PowerPotion","SteroidPotion"],[]],"relics":["Ring of the Snake","Tough Bandages","Mercury Hourglass","Bottled Lightning","Potion Belt","Coffee Dripper","Blood Vial","Molten Egg 2","Girya","Red Mask","Empty Cage","Old Coin","Shovel","TungstenRod","Mummified Hand","Oddly Smooth Stone"],"potions_floor_usage":[55,55,56,56],"damage_taken":[{"damage":1.0,"enemies":"2 Louse","floor":1.0,"turns":3.0},{"damage":0.0,"enemies":"Jaw Worm","floor":2.0,"turns":6.0},{"damage":10.0,"enemies":"Lagavulin","floor":7.0,"turns":6.0},{"damage":3.0,"enemies":"Gremlin Nob","floor":10.0,"turns":3.0},{"damage":0.0,"enemies":"Cultist","floor":12.0,"turns":3.0},{"damage":9.0,"enemies":"3 Sentries","floor":14.0,"turns":7.0},{"damage":0.0,"enemies":"The Guardian","floor":16.0,"turns":9.0},{"damage":10.0,"enemies":"Spheric Guardian","floor":18.0,"turns":5.0},{"damage":13.0,"enemies":"3 Byrds","floor":19.0,"turns":3.0},{"damage":14.0,"enemies":"Snake Plant","floor":20.0,"turns":4.0},{"damage":5.0,"enemies":"Gremlin Leader","floor":24.0,"turns":5.0},{"damage":1.0,"enemies":"Cultist and Chosen","floor":27.0,"turns":5.0},{"damage":17.0,"enemies":"Masked Bandits","floor":29.0,"turns":4.0},{"damage":0.0,"enemies":"Snecko","floor":31.0,"turns":5.0},{"damage":0.0,"enemies":"Automaton","floor":33.0,"turns":11.0},{"damage":0.0,"enemies":"3 Shapes","floor":35.0,"turns":6.0},{"damage":0.0,"enemies":"Mind Bloom Boss Battle","floor":39.0,"turns":6.0},{"damage":0.0,"enemies":"3 Darklings","floor":41.0,"turns":5.0},{"damage":4.0,"enemies":"Reptomancer","floor":42.0,"turns":7.0},{"damage":0.0,"enemies":"Maw","floor":45.0,"turns":7.0},{"damage":12.0,"enemies":"Nemesis","floor":46.0,"turns":9.0},{"damage":50.0,"enemies":"Awakened One","floor":50.0,"turns":22.0},{"damage":9.0,"enemies":"Donu and Deca","floor":51.0,"turns":16.0},{"damage":3,"enemies":"Shield and Spear","floor":55,"turns":7},{"damage":41,"enemies":"The Heart","floor":56,"turns":8}],"green_key_taken_log":10,"seed_played":"-5745270647885654376","neow_bonus_log":{"cardsObtained":["Tools of the Trade","Tools of the Trade"],"cardsUpgraded":[],"cardsRemoved":[],"cardsTransformed":["Strike_G","Defend_G"],"relicsObtained":[],"maxHpGained":0,"goldGained":0,"damageTaken":0,"goldLost":99,"maxHpLost":0},"potions_obtained":[{"floor":5.0,"key":"EntropicBrew"},{"floor":14.0,"key":"PowerPotion"},{"floor":20.0,"key":"GamblersBrew"},{"floor":29.0,"key":"DuplicationPotion"},{"floor":35.0,"key":"Regen Potion"},{"floor":41.0,"key":"SneckoOil"},{"floor":46.0,"key":"SteroidPotion"}],"is_trial":false,"path_per_floor":["M","M","?","$","?","R","E","R","T","E","R","M","$","E","R","B",null,"M","M","M","?","$","R","E","R","T","M","R","?","?","M","R","B",null,"M","?","?","?","?","R","M","E","T","R","M","E","?","$","R","B","B",null,"R","$","E","B",null],"character_chosen":"THE_SILENT","basemod:card_modifiers":[null,null,null,null,null,null,null,null,null,null,null,null,null,null,null,null,null,null,null,null,null,null,null,null,null,null,null,null,null,null],"items_purchased":["Bouncing Flask","Dagger Spray","Acrobatics","Blood Vial","Forethought","Catalyst","Energy Potion","AttackPotion","Backflip","Mummified Hand","PowerPotion"],"campfire_rested":0,"item_purchase_floors":[4,13,22,22,48,48,48,48,54,54,54],"current_hp_per_floor":[58,58,47,47,47,47,37,37,37,34,34,34,34,25,25,25,56,46,33,19,19,19,19,16,16,16,17,17,2,2,4,4,6,51,53,53,48,48,50,50,52,50,50,50,52,57,57,57,57,9,2,48,48,48,47,8],"gold":69,"neow_bonus":"TRANSFORM_TWO_CARDS","is_prod":false,"is_daily":false,"rewards_skipped":[{"floor":5,"relics":[],"potions":["Strength Potion"]}],"chose_seed":false,"campfire_upgraded":9,"win_rate":0,"floor_exit_playtime":[158,228,232,247,259,271,348,357,359,478,495,556,631,783,848,1047,1112,1199,1307,1391,1398,1421,1444,1599,1608,1613,1740,1753,1857,1864,1962,1981,2245,2340,2525,2538,3000,3388,3560,3634,3800,4039,4045,4151,4338,4590,4593,4762,4766,5671,6255,6268,6309,6438,6880,7257],"timestamp":1718888780,"blue_key_relic_skipped_log":{"floor":43,"relicID":"Meat on the Bone"},"path_taken":["M","M","?","?","?","R","E","R","T","E","R","M","$","E","R","BOSS","M","M","M","?","$","R","E","R","T","M","R","?","?","?","R","BOSS","M","?","?","?","?","R","M","E","T","R","M","E","?","$","R","BOSS","BOSS","R","$","E","BOSS"],"build_version":"2022-12-01","purchased_purges":1,"victory":true,"max_hp_per_floor":[66,66,66,66,66,66,66,66,66,66,66,66,66,66,66,66,66,66,66,66,66,66,66,66,66,66,66,66,66,66,66,66,66,66,66,66,66,63,63,63,63,63,63,63,63,63,63,63,63,63,63,63,63,63,63,63],"relic_stats":{"Blood Vial":30,"Girya":2,"Tough Bandages":[2010],"Shovel":0,"counters":[25,168],"Mummified Hand":[21],"Bottled Lightning":"Bouncing Flask","obtain_stats":[{"Potion Belt":14,"Girya":26,"Oddly Smooth Stone":55,"Empty Cage":34,"Mercury Hourglass":9,"Old Coin":39,"Blood Vial":22,"Tough Bandages":7,"Shovel":42,"Mummified Hand":54,"Molten Egg 2":24,"Coffee Dripper":17,"Red Mask":29,"Bottled Lightning":10,"TungstenRod":46,"Ring of the Snake":0},{"Potion Belt":6,"Girya":11,"Oddly Smooth Stone":24,"Empty Cage":15,"Mercury Hourglass":3,"Old Coin":17,"Blood Vial":10,"Tough Bandages":3,"Shovel":19,"Mummified Hand":23,"Molten Egg 2":11,"Coffee Dripper":7,"Red Mask":13,"Bottled Lightning":4,"TungstenRod":21,"Ring of the Snake":0},{"Potion Belt":28,"Girya":54,"Oddly Smooth Stone":160,"Empty Cage":78,"Mercury Hourglass":15,"Old Coin":88,"Blood Vial":49,"Tough Bandages":15,"Shovel":99,"Mummified Hand":153,"Molten Egg 2":54,"Coffee Dripper":37,"Red Mask":63,"Bottled Lightning":18,"TungstenRod":115,"Ring of the Snake":0}],"TungstenRod":21,"Ring of the Snake":[50],"Mercury Hourglass":[571]},"card_choices":[{"not_picked":["Concentrate","Acrobatics"],"picked":"Caltrops","floor":1.0},{"not_picked":["Prepared","Slice"],"picked":"Quick Slash","floor":2.0},{"not_picked":["Caltrops","Bane"],"picked":"Predator","floor":7.0},{"not_picked":["Prepared","Flechettes"],"picked":"Well Laid Plans","floor":10.0},{"not_picked":["Predator","Poisoned Stab","Well Laid Plans"],"picked":"SKIP","floor":12.0},{"not_picked":["Outmaneuver","Sucker Punch"],"picked":"Footwork","floor":14.0},{"not_picked":["Malaise","Wraith Form v2"],"picked":"Unload","floor":16.0},{"not_picked":["Dagger Throw","Dagger Spray","Outmaneuver"],"picked":"SKIP","floor":18.0},{"not_picked":["Dagger Spray","Distraction+1","Choke"],"picked":"SKIP","floor":19.0},{"not_picked":["Cloak And Dagger","Reflex"],"picked":"Calculated Gamble+1","floor":20.0},{"not_picked":["Riddle With Holes+1","Skewer+1","Dash+1"],"picked":"SKIP","floor":24.0},{"not_picked":["Noxious Fumes","Well Laid Plans"],"picked":"Leg Sweep","floor":27.0},{"not_picked":["Flechettes+1","Distraction","Slice+1"],"picked":"SKIP","floor":29.0},{"not_picked":["Poisoned Stab+1","Cloak And Dagger","Quick Slash+1"],"picked":"SKIP","floor":31.0},{"not_picked":["Tools of the Trade","Unload+1"],"picked":"After Image","floor":33.0},{"not_picked":["Flechettes+1","Blade Dance"],"picked":"Calculated Gamble","floor":35.0},{"not_picked":["Chrysalis","The Bomb"],"picked":"Master of Strategy","floor":37.0},{"not_picked":["Trip","Discovery"],"picked":"Panacea","floor":37.0},{"not_picked":["Sucker Punch+1","Flying Knee+1"],"picked":"Backflip","floor":39.0},{"not_picked":["Sucker Punch+1","Dagger Throw+1","Dodge and Roll+1"],"picked":"SKIP","floor":41.0},{"not_picked":["Slice+1","Bouncing Flask"],"picked":"Concentrate+1","floor":42.0},{"not_picked":["Sucker Punch+1","Skewer+1","Outmaneuver"],"picked":"SKIP","floor":45.0},{"not_picked":["Tactician","Backflip"],"picked":"Acrobatics","floor":46.0},{"not_picked":["Flying Knee+1","Deadly Poison+1"],"picked":"Caltrops+1","floor":55}],"player_experience":180718,"relics_obtained":[{"floor":7.0,"key":"Tough Bandages"},{"floor":9.0,"key":"Mercury Hourglass"},{"floor":10.0,"key":"Bottled Lightning"},{"floor":14.0,"key":"Potion Belt"},{"floor":24.0,"key":"Molten Egg 2"},{"floor":26.0,"key":"Girya"},{"floor":29.0,"key":"Red Mask"},{"floor":39.0,"key":"Old Coin"},{"floor":42.0,"key":"Shovel"},{"floor":46.0,"key":"TungstenRod"},{"floor":55,"key":"Oddly Smooth Stone"}],"event_choices":[{"damage_healed":0.0,"max_hp_gain":0.0,"max_hp_loss":0.0,"gold_gain":75.0,"event_name":"World of Goop","player_choice":"Gather Gold","floor":3.0,"gold_loss":0.0,"damage_taken":11.0},{"damage_healed":0.0,"max_hp_gain":0.0,"max_hp_loss":0.0,"gold_gain":0.0,"event_name":"Lab","player_choice":"Got Potions","floor":5.0,"gold_loss":0.0,"damage_taken":0.0},{"damage_healed":0.0,"max_hp_gain":0.0,"max_hp_loss":0.0,"gold_gain":50.0,"event_name":"Nest","player_choice":"Stole From Cult","floor":21.0,"gold_loss":0.0,"damage_taken":0.0},{"damage_healed":0.0,"max_hp_gain":0.0,"max_hp_loss":0.0,"gold_gain":0.0,"event_name":"Masked Bandits","player_choice":"Fought Bandits","floor":29.0,"gold_loss":0.0,"damage_taken":0.0},{"cards_removed":["Strike_G"],"damage_healed":0.0,"max_hp_gain":0.0,"max_hp_loss":0.0,"gold_gain":0.0,"event_name":"Beggar","player_choice":"Gave Gold","floor":30.0,"gold_loss":75.0,"damage_taken":0.0},{"cards_removed":["Defend_G"],"damage_healed":0.0,"max_hp_gain":0.0,"max_hp_loss":0.0,"gold_gain":0.0,"event_name":"Falling","player_choice":"Removed Skill","floor":36.0,"gold_loss":0.0,"damage_taken":0.0},{"damage_healed":0.0,"max_hp_gain":0.0,"max_hp_loss":0.0,"gold_gain":0.0,"event_name":"SensoryStone","player_choice":"Memory 2","floor":37.0,"gold_loss":0.0,"damage_taken":5.0},{"damage_healed":0.0,"max_hp_gain":0.0,"max_hp_loss":3.0,"gold_gain":0.0,"event_name":"Winding Halls","player_choice":"Max HP","floor":38.0,"gold_loss":0.0,"damage_taken":0.0},{"damage_healed":0.0,"max_hp_gain":0.0,"max_hp_loss":0.0,"gold_gain":0.0,"event_name":"MindBloom","player_choice":"Fight","floor":39.0,"gold_loss":0.0,"damage_taken":0.0},{"damage_healed":0.0,"max_hp_gain":0.0,"max_hp_loss":0.0,"gold_gain":222.0,"event_name":"Tomb of Lord Red Mask","player_choice":"Wore Mask","floor":47.0,"gold_loss":0.0,"damage_taken":0.0}],"is_beta":false,"boss_relics":[{"not_picked":["Velvet Choker","Cursed Key"],"picked":"Coffee Dripper"},{"not_picked":["Philosopher\u0027s Stone","Ring of the Serpent"],"picked":"Empty Cage"}],"items_purged_floors":[48],"is_endless":false,"potions_floor_spawned":[14,20,29,35,41,46],"ascension_level":20,"potion_discard_per_floor":[[],[],[],[],[],[],[],[],[],[],[],[],[],[],[],[],[],[],[],[],[],[],[],[],[],[],[],[],[],[],[],[],[],[],[],[],[],[],[],[],[],[],[],[],[],[],[],[],[],[],[],[],[],[],[],[],[]]}