{"neow_bonuses_skipped_log":["TRANSFORM_CARD","THREE_RARE_CARDS","BOSS_RELIC"],"potions_obtained_entropic_brew":[[],[],[],[],[],[],[],[],[],[],[],[],[],[],[],[],[],[],[],[],[],[],[],[],[],[],[],[],[],[],[],[],[],[],[],[]],"neow_costs_skipped_log":["NONE","NO_GOLD","NONE"],"gold_per_floor":[219,86,99,117,131,131,131,161,161,161,32,60,80,80,80,155,155,173,173,183,183,201,201,201,61,61,89,89,89,124,136,136,212,212,232,232],"floor_reached":36,"playtime":2739,"items_purged":["Defend_G","Strike_G"],"score":830,"play_id":"7759ba33-2f8b-4a4f-bca5-44942388b17b","local_time":"20240711233710","score_breakdown":["Floors Climbed (36): 180","Enemies Slain (10): 20","Exordium Elites Killed (2): 20","City Elites Killed (1): 20","Beyond Elites Killed (0): 0","Bosses Slain (2): 150","Champion (1): 25","Ascension (20): 415"],"is_ascension_mode":true,"potions_obtained_alchemize":[[],[],[],[],[],[],[],[],[],[],[],["DuplicationPotion"],["ColorlessPotion"],[],[],["DistilledChaos"],[],["Swift Potion"],[],["ColorlessPotion"],[],["Regen Potion"],[],[],[],[],["DistilledChaos","ColorlessPotion"],[],[],["SpeedPotion"],["Regen Potion"],[],["Block Potion"],[],["ColorlessPotion"],["Dexterity Potion"]],"campfire_choices":[{"data":"Predator","floor":6.0,"key":"SMITH"},{"data":"Well Laid Plans","floor":10.0,"key":"SMITH"},{"data":"Catalyst","floor":15,"key":"SMITH"},{"floor":24,"key":"REST"},{"floor":28,"key":"RECALL"},{"floor":32,"key":"REST"}],"lesson_learned_per_floor":[[],[],[],[],[],[],[],[],[],[],[],[],[],[],[],[],[],[],[],[],[],[],[],[],[],[],[],[],[],[],[],[],[],[],[],[]],"neow_cost":"NONE","improvable_cards":{},"seed_source_timestamp":339267898043166,"shop_contents":[{"floor":2,"relics":["Centennial Puzzle","Potion Belt","Medical Kit"],"cards":["Dagger Spray","Outmaneuver","Distraction","Trip","Panache"],"potions":["FairyPotion","Dexterity Potion","Dexterity Potion"]},{"floor":11,"relics":["Question Card","InkBottle","DollysMirror"],"cards":["Flying Knee","Quick Slash","PiercingWail","Noxious Fumes","Good Instincts","Magnetism"],"potions":["SkillPotion","Poison Potion","PowerPotion"]},{"floor":25,"relics":["Matryoshka","PreservedInsect","Strange Spoon"],"cards":["Slice","Endless Agony","Distraction","Crippling Poison","Panacea","Violence"],"potions":["Weak Potion","Fruit Juice","SpeedPotion"]}],"circlet_count":0,"master_deck":["AscendersBane","Strike_G","Defend_G","Defend_G","Defend_G","Survivor","Neutralize","Poisoned Stab","Well Laid Plans+1","Predator+1","Deadly Poison","PiercingWail","Venomology","Backflip","Acrobatics","Catalyst+1","Grand Finale","Prepared+1","Noxious Fumes","PiercingWail","Expertise","Blade Dance+1","Adrenaline","Unload+1","Caltrops+1","Riddle With Holes+1","Backflip"],"special_seed":0,"potion_use_per_floor":[[],[],[],[],[],[],[],["Strength Potion"],[],[],[],["LiquidMemories"],["ColorlessPotion"],[],[],[],[],["DistilledChaos","Swift Potion"],[],["ColorlessPotion"],[],["Regen Potion"],[],[],[],[],["DuplicationPotion","ColorlessPotion","DistilledChaos"],[],[],["SpeedPotion"],["Energy Potion","Regen Potion"],[],["Block Potion"],[],["ColorlessPotion"],["Dexterity Potion"]],"relics":["Ring of the Snake","Ice Cream","Regal Pillow","MealTicket","Omamori","Fusion Hammer","Blue Candle","Shuriken","Red Mask","Astrolabe"],"potions_floor_usage":[12,13,18,18,20,22,27,27,27,30,31,31,33,35,36],"damage_taken":[{"damage":0.0,"enemies":"2 Louse","floor":1.0,"turns":3.0},{"damage":1.0,"enemies":"Small Slimes","floor":3.0,"turns":3.0},{"damage":1.0,"enemies":"Jaw Worm","floor":4.0,"turns":3.0},{"damage":8.0,"enemies":"Blue Slaver","floor":5.0,"turns":5.0},{"damage":0.0,"enemies":"Gremlin Nob","floor":8.0,"turns":3.0},{"damage":19,"enemies":"3 Sentries","floor":12,"turns":9},{"damage":6,"enemies":"Red Slaver","floor":13,"turns":4},{"damage":16,"enemies":"Hexaghost","floor":16,"turns":9},{"damage":6,"enemies":"Shell Parasite","floor":18,"turns":5},{"damage":4,"enemies":"Chosen","floor":20,"turns":3},{"damage":30,"enemies":"Snake Plant","floor":22,"turns":6},{"damage":20,"enemies":"Slavers","floor":27,"turns":2},{"damage":0,"enemies":"Masked Bandits","floor":30,"turns":3},{"damage":16,"enemies":"Centurion and Healer","floor":31,"turns":8},{"damage":30,"enemies":"Automaton","floor":33,"turns":9},{"damage":4,"enemies":"3 Darklings","floor":35,"turns":3},{"damage":64,"enemies":"2 Orb Walkers","floor":36,"turns":3}],"seed_played":"-4106396081470508932","neow_bonus_log":{"cardsObtained":[],"cardsUpgraded":[],"cardsRemoved":[],"cardsTransformed":[],"relicsObtained":[],"maxHpGained":0,"goldGained":100,"damageTaken":0,"goldLost":0,"maxHpLost":0},"potions_obtained":[{"floor":3.0,"key":"Strength Potion"},{"floor":8.0,"key":"LiquidMemories"},{"floor":27,"key":"Fire Potion"},{"floor":30,"key":"Energy Potion"}],"is_trial":false,"path_per_floor":["M","$","M","M","M","R","?","E","T","R","$","E","M","?","R","B",null,"M","?","M","?","M","?","R","$","T","E","R","?","?","M","R","B",null,"M","?"],"character_chosen":"THE_SILENT","basemod:card_modifiers":[null,null,null,null,null,null,null,null,null,null,null,null,null,null,null,null,null,null,null,null,null,null,null,null,null,null,null],"items_purchased":["Well Laid Plans","Bane","Backflip","Noxious Fumes"],"campfire_rested":2,"item_purchase_floors":[2,2,11,25],"current_hp_per_floor":[59,59,58,57,49,49,49,49,49,49,64,45,39,32,32,16,54,48,48,44,44,26,31,65,66,66,46,46,46,46,45,66,36,59,55,0],"gold":232,"neow_bonus":"HUNDRED_GOLD","is_prod":false,"is_daily":false,"rewards_skipped":[],"chose_seed":false,"campfire_upgraded":3,"win_rate":0,"floor_exit_playtime":[156,319,359,418,468,479,493,557,561,574,585,770,847,862,870,1048,1140,1316,1339,1474,1479,1595,1635,1656,1700,1705,1786,1795,1814,1906,2096,2101,2421,2502,2614],"timestamp":1720755430,"blue_key_relic_skipped_log":{"floor":26,"relicID":"Shovel"},"path_taken":["M","$","M","M","M","R","?","E","T","R","$","E","?","?","R","BOSS","M","?","?","?","M","?","R","$","T","E","R","?","?","M","R","BOSS","M","?"],"build_version":"2022-12-01","purchased_purges":2,"victory":false,"max_hp_per_floor":[66,66,66,66,66,66,66,66,66,66,66,66,66,66,66,66,66,66,66,66,66,66,66,66,66,66,66,66,66,66,66,66,66,66,66,66],"relic_stats":{"Ice Cream":[18],"Regal Pillow":17,"counters":[17,81],"Shuriken":[12],"Blue Candle":[0],"Astrolabe":["Unload","Caltrops","Riddle With Holes"],"MealTicket":16,"Omamori":2,"obtain_stats":[{"Ice Cream":7,"Regal Pillow":8,"Shuriken":27,"Blue Candle":21,"Astrolabe":34,"MealTicket":9,"Fusion Hammer":17,"Omamori":12,"Red Mask":30,"Ring of the Snake":0},{"Ice Cream":4,"Regal Pillow":5,"Shuriken":12,"Blue Candle":10,"Astrolabe":15,"MealTicket":5,"Fusion Hammer":8,"Omamori":6,"Red Mask":13,"Ring of the Snake":0},{"Ice Cream":14,"Regal Pillow":17,"Shuriken":55,"Blue Candle":47,"Astrolabe":75,"MealTicket":17,"Fusion Hammer":39,"Omamori":26,"Red Mask":58,"Ring of the Snake":0}],"Ring of the Snake":[34]},"card_choices":[{"not_picked":["Flying Knee","Cloak And Dagger"],"picked":"Poisoned Stab","floor":1.0},{"not_picked":["Dash","Poisoned Stab"],"picked":"Predator","floor":3.0},{"not_picked":["Outmaneuver","Prepared"],"picked":"Deadly Poison","floor":4.0},{"not_picked":["Dagger Spray","Concentrate"],"picked":"PiercingWail","floor":5.0},{"not_picked":["PiercingWail","Sucker Punch"],"picked":"Venomology","floor":8.0},{"not_picked":["Tools of the Trade","All Out Attack"],"picked":"Acrobatics","floor":12},{"not_picked":["Heel Hook","Outmaneuver"],"picked":"Catalyst","floor":13},{"not_picked":["Burst","Tools of the Trade"],"picked":"Grand Finale","floor":16},{"not_picked":["Finisher","PiercingWail"],"picked":"Prepared","floor":18},{"not_picked":["Dagger Throw","Bane","Sucker Punch"],"picked":"SKIP","floor":20},{"not_picked":["Underhanded Strike","PiercingWail"],"picked":"Prepared+1","floor":22},{"not_picked":["Noxious Fumes","Bane+1"],"picked":"PiercingWail","floor":27},{"not_picked":["Doppelganger","Distraction","Escape Plan","Finisher","Underhanded Strike","Reflex","Dodge and Roll","Dagger Spray","Outmaneuver","Slice","Bouncing Flask","Glass Knife","Blade Dance","Predator","Masterful Stab","Cloak And Dagger","Skewer","Bane","PiercingWail"],"picked":"Expertise","floor":29},{"not_picked":["Noxious Fumes","Finisher"],"picked":"Blade Dance+1","floor":30},{"not_picked":["Accuracy","Flying Knee"],"picked":"Adrenaline","floor":31},{"not_picked":["Die Die Die","Storm of Steel","Bullet Time"],"picked":"SKIP","floor":33},{"not_picked":["Distraction","Bane+1"],"picked":"Backflip","floor":35}],"player_experience":226617,"relics_obtained":[{"floor":8.0,"key":"Regal Pillow"},{"floor":9.0,"key":"MealTicket"},{"floor":12,"key":"Omamori"},{"floor":27,"key":"Shuriken"},{"floor":30,"key":"Red Mask"}],"event_choices":[{"cards_removed":["Bane"],"damage_healed":0.0,"max_hp_gain":0.0,"max_hp_loss":0.0,"gold_gain":0.0,"event_name":"WeMeetAgain","player_choice":"Gave Card","floor":7.0,"gold_loss":0.0,"damage_taken":0.0,"relics_obtained":["Ice Cream"]},{"cards_removed":["Strike_G"],"damage_healed":0,"gold_gain":0,"player_choice":"Card Removal","damage_taken":7,"max_hp_gain":0,"max_hp_loss":0,"event_name":"Golden Wing","floor":14,"gold_loss":0},{"damage_healed":0,"gold_gain":0,"player_choice":"Smashed Altar","damage_taken":0,"max_hp_gain":0,"max_hp_loss":0,"event_name":"Forgotten Altar","floor":19,"gold_loss":0,"cards_obtained":["Decay"]},{"damage_healed":0,"gold_gain":0,"player_choice":"Stole Relic","damage_taken":0,"relics_obtained":["Blue Candle"],"max_hp_gain":0,"max_hp_loss":0,"event_name":"Addict","floor":21,"gold_loss":0,"cards_obtained":["Shame"]},{"cards_removed":["Prepared"],"damage_healed":5,"gold_gain":0,"player_choice":"Offered Common","damage_taken":0,"max_hp_gain":0,"max_hp_loss":0,"event_name":"Bonfire Elementals","floor":23,"gold_loss":0},{"cards_removed":["Prepared"],"damage_healed":5,"gold_gain":0,"player_choice":"Offered Special","damage_taken":0,"max_hp_gain":0,"max_hp_loss":0,"event_name":"Bonfire Elementals","floor":23,"gold_loss":0},{"damage_healed":0,"gold_gain":0,"player_choice":"Read","damage_taken":0,"max_hp_gain":0,"max_hp_loss":0,"event_name":"The Library","floor":29,"gold_loss":0,"cards_obtained":["Expertise"]},{"damage_healed":0,"gold_gain":0,"player_choice":"Fought Bandits","damage_taken":0,"max_hp_gain":0,"max_hp_loss":0,"event_name":"Masked Bandits","floor":30,"gold_loss":0},{"damage_healed":0,"gold_gain":0,"player_choice":"Fight","damage_taken":0,"max_hp_gain":0,"max_hp_loss":0,"event_name":"Mysterious Sphere","floor":36,"gold_loss":0}],"is_beta":false,"boss_relics":[{"not_picked":["HoveringKite","WristBlade"],"picked":"Fusion Hammer"},{"not_picked":["Coffee Dripper","Tiny House"],"picked":"Astrolabe"}],"items_purged_floors":[11,25],"is_endless":false,"potions_floor_spawned":[3,8,27,30],"killed_by":"2 Orb Walkers","ascension_level":20,"potion_discard_per_floor":[[],[],[],[],[],[],[],[],[],[],[],[],[],[],[],[],[],[],[],[],[],[],[],[],[],[],[],[],[],[],[],[],[],[],[],[]]}