{"neow_bonuses_skipped_log":["THREE_CARDS","RANDOM_COMMON_RELIC","BOSS_RELIC"],"potions_obtained_entropic_brew":[[],[],[],[],[],[],[],[],[],[],[],[],[],[],[],[],[],[],[],[],[],[],[],[],[],[],[],[],[],[],[],[],[],[],[],[],[],[],[],[],[],[],[],[],[],[],[],[],[],[],[]],"neow_costs_skipped_log":["NONE","NONE","NONE"],"gold_per_floor":[111,125,145,320,29,29,59,59,59,85,35,35,60,76,76,174,174,174,1,0,0,0,0,0,0,0,0,0,0,0,0,0,0,0,0,0,0,0,0,0,0,0,0,0,0,0,0,0,0,0],"floor_reached":51,"playtime":3967,"items_purged":["Doubt","Strike_G"],"score":838,"play_id":"bf79f1e0-3da4-49de-9cac-1493b87b20d8","local_time":"20240705012341","score_breakdown":["Floors Climbed (51): 255","Enemies Slain (14): 28","Exordium Elites Killed (3): 30","City Elites Killed (2): 40","Beyond Elites Killed (2): 60","Bosses Slain (3): 300","Champion (2): 50","Perfect (1): 50","Overkill: 25"],"is_ascension_mode":false,"potions_obtained_alchemize":[[],[],[],[],[],[],[],[],[],[],[],[],[],[],[],[],[],[],[],[],[],[],[],[],[],[],[],[],[],[],[],[],[],[],[],[],[],[],[],[],[],[],[],[],[],[],[],[],[],[],[]],"campfire_choices":[{"data":"All Out Attack","floor":6,"key":"SMITH"},{"data":"Wraith Form v2","floor":8,"key":"SMITH"},{"data":"Predator","floor":12,"key":"SMITH"},{"data":"Noxious Fumes","floor":15,"key":"SMITH"},{"data":"Well Laid Plans","floor":29,"key":"SMITH"},{"data":"Hologram","floor":32,"key":"SMITH"},{"data":"Hyperbeam","floor":41,"key":"SMITH"},{"data":"Acrobatics","floor":45,"key":"SMITH"},{"data":"Feel No Pain","floor":47,"key":"SMITH"},{"data":"After Image","floor":49,"key":"SMITH"}],"lesson_learned_per_floor":[[],[],[],[],[],[],[],[],[],[],[],[],[],[],[],[],[],[],[],[],[],[],[],[],[],[],[],[],[],[],[],[],[],[],[],[],[],[],[],[],[],[],[],[],[],[],[],[],[],[],[]],"neow_cost":"TEN_PERCENT_HP_LOSS","improvable_cards":{},"seed_source_timestamp":188111928639416,"shop_contents":[{"floor":5,"relics":["Bronze Scales","War Paint"],"cards":["Underhanded Strike","Dagger Spray","Deflect","Infinite Blades","PanicButton","Secret Technique"],"potions":["Energy Potion","Fire Potion"]},{"floor":19,"relics":["Singing Bowl","Centennial Puzzle","Strange Spoon"],"cards":["Riddle With Holes","Slice","Reflex","Distraction","Flash of Steel","Chrysalis"],"potions":["Dexterity Potion","SteroidPotion","SpeedPotion"]},{"floor":24,"relics":["Sundial","Eternal Feather","Frozen Eye"],"cards":["Glass Knife","Masterful Stab","Blur","PiercingWail","Accuracy","Dramatic Entrance","The Bomb"],"potions":["DuplicationPotion","AttackPotion","Fire Potion"]}],"circlet_count":0,"master_deck":["Strike_G","Defend_G","Survivor","Neutralize","Wraith Form v2+1","After Image+1","All Out Attack+1","Well Laid Plans+1","Noxious Fumes+1","Blade Dance","Predator+1","Trip","Feel No Pain+1","Bandage Up","Brutality","Blade Dance","Envenom","Blasphemy","Pray+1","PiercingWail","WheelKick+1","Hologram+1","Hyperbeam+1","Vault","Flying Knee","Wraith Form v2","Blind","Madness","Madness","Acrobatics+1","Skim+1","Sanctity","Accuracy+1"],"potion_use_per_floor":[[],[],[],[],[],[],["BlessingOfTheForge"],[],[],[],[],[],[],[],[],[],[],[],[],[],[],[],["PowerPotion"],[],[],[],[],[],[],[],[],[],[],[],[],[],[],[],[],[],[],[],[],[],[],[],[],[],[],[],[]],"relics":["Ring of the Snake","Pen Nib","InkBottle","PrismaticShard","Bag of Marbles","Prayer Wheel","Dream Catcher","Ectoplasm","Gambling Chip","Mummified Hand","Orichalcum","Red Mask","Empty Cage","Matryoshka","Oddly Smooth Stone","Molten Egg 2"],"potions_floor_usage":[7,23],"damage_taken":[{"damage":0,"enemies":"Small Slimes","floor":1,"turns":6},{"damage":2,"enemies":"Cultist","floor":2,"turns":4},{"damage":1,"enemies":"Jaw Worm","floor":3,"turns":5},{"damage":14,"enemies":"Lagavulin","floor":7,"turns":6},{"damage":11,"enemies":"3 Sentries","floor":10,"turns":5},{"damage":4,"enemies":"Gremlin Nob","floor":13,"turns":3},{"damage":11,"enemies":"Exordium Thugs","floor":14,"turns":5},{"damage":3,"enemies":"Hexaghost","floor":16,"turns":7},{"damage":5,"enemies":"3 Byrds","floor":18,"turns":4},{"damage":5,"enemies":"2 Thieves","floor":20,"turns":2},{"damage":1,"enemies":"Shelled Parasite and Fungi","floor":22,"turns":5},{"damage":6,"enemies":"Book of Stabbing","floor":23,"turns":3},{"damage":3,"enemies":"Slavers","floor":27,"turns":3},{"damage":0,"enemies":"Masked Bandits","floor":30,"turns":1},{"damage":2,"enemies":"Chosen and Byrds","floor":31,"turns":4},{"damage":4,"enemies":"Champ","floor":33,"turns":6},{"damage":0,"enemies":"3 Shapes","floor":35,"turns":1},{"damage":0,"enemies":"Orb Walker","floor":36,"turns":2},{"damage":2,"enemies":"Writhing Mass","floor":38,"turns":3},{"damage":1,"enemies":"Transient","floor":39,"turns":6},{"damage":4,"enemies":"Giant Head","floor":40,"turns":6},{"damage":0,"enemies":"Reptomancer","floor":44,"turns":3},{"damage":0,"enemies":"3 Darklings","floor":46,"turns":1},{"damage":4,"enemies":"Maw","floor":48,"turns":4},{"damage":7,"enemies":"Awakened One","floor":50,"turns":7}],"seed_played":"7924493727170202276","neow_bonus_log":{"cardsObtained":["Wraith Form v2","After Image"],"cardsUpgraded":[],"cardsRemoved":[],"cardsTransformed":["Defend_G","Strike_G"],"relicsObtained":[],"maxHpGained":0,"goldGained":0,"damageTaken":0,"goldLost":0,"maxHpLost":7},"potions_obtained":[{"floor":1,"key":"BlessingOfTheForge"},{"floor":3,"key":"Ancient Potion"},{"floor":13,"key":"Swift Potion"},{"floor":20,"key":"PowerPotion"},{"floor":30,"key":"GamblersBrew"},{"floor":44,"key":"CunningPotion"}],"is_trial":false,"path_per_floor":["M","M","M","?","$","R","E","R","T","E","?","R","E","M","R","B",null,"M","$","M","?","M","E","$","?","T","E","?","R","?","M","R","B",null,"M","M","?","M","M","E","R","?","T","E","R","M","R","M","R","B",null],"character_chosen":"THE_SILENT","basemod:card_modifiers":[null,null,null,null,null,null,null,null,null,null,null,null,null,null,null,null,null,null,null,null,null,null,null,null,null,null,null,null,null,null,null,null,null],"items_purchased":["PrismaticShard","Blade Dance","Fire Potion","Envenom"],"campfire_rested":0,"item_purchase_floors":[5,5,5,19],"current_hp_per_floor":[63,61,60,60,60,60,46,46,46,35,35,35,31,20,20,21,63,58,58,57,57,60,58,58,58,58,59,59,59,59,61,61,60,63,63,63,63,61,62,62,62,54,54,58,58,62,62,58,58,55],"gold":0,"neow_bonus":"TRANSFORM_TWO_CARDS","is_prod":false,"is_daily":false,"rewards_skipped":[{"floor":16,"relics":[],"potions":["Energy Potion"]},{"floor":18,"relics":[],"potions":["ColorlessPotion"]},{"floor":33,"relics":[],"potions":["Fire Potion"]},{"floor":35,"relics":[],"potions":["Explosive Potion"]},{"floor":36,"relics":[],"potions":["Energy Potion"]},{"floor":39,"relics":[],"potions":["ColorlessPotion"]},{"floor":48,"relics":[],"potions":["Fire Potion"]}],"chose_seed":false,"campfire_upgraded":10,"win_rate":0,"floor_exit_playtime":[119,208,289,296,317,330,459,474,480,638,666,677,753,854,863,1012,1134,1268,1326,1427,1431,1574,1698,1709,1721,1725,1857,1869,1883,1947,2084,2102,2385,2425,2497,2579,2603,2747,2936,3129,3146,3158,3163,3257,3277,3337,3378,3555,3567,3967],"timestamp":1720157021,"path_taken":["M","M","M","?","$","R","E","R","T","E","?","R","E","M","R","BOSS","M","$","M","?","?","E","?","?","T","E","?","R","?","M","R","BOSS","M","M","?","?","M","E","R","?","T","E","R","?","R","M","R","BOSS"],"build_version":"2022-12-01","purchased_purges":2,"victory":true,"max_hp_per_floor":[63,63,63,63,63,63,63,63,63,63,63,63,63,63,63,63,63,63,63,63,63,63,63,63,63,63,63,63,63,63,63,63,63,63,63,63,63,63,63,63,63,63,63,63,63,63,63,63,63,63],"relic_stats":{"Dream Catcher":0,"Matryoshka":1,"counters":[25,102],"Mummified Hand":[92],"Gambling Chip":[44],"Prayer Wheel":11,"Pen Nib":[21],"Ectoplasm":380,"Orichalcum":[0],"obtain_stats":[{"Oddly Smooth Stone":43,"Pen Nib":13,"Orichalcum":27,"PrismaticShard":5,"Empty Cage":34,"Dream Catcher":10,"Matryoshka":40,"Mummified Hand":26,"Gambling Chip":23,"Prayer Wheel":9,"Molten Egg 2":44,"Ectoplasm":17,"Bag of Marbles":7,"Red Mask":30,"InkBottle":43,"Ring of the Snake":0},{"Oddly Smooth Stone":21,"Pen Nib":6,"Orichalcum":13,"PrismaticShard":3,"Empty Cage":16,"Dream Catcher":5,"Matryoshka":21,"Mummified Hand":12,"Gambling Chip":12,"Prayer Wheel":4,"Molten Egg 2":22,"Ectoplasm":8,"Bag of Marbles":4,"Red Mask":14,"InkBottle":21,"Ring of the Snake":0},{"Oddly Smooth Stone":87,"Pen Nib":29,"Orichalcum":58,"PrismaticShard":15,"Empty Cage":69,"Dream Catcher":26,"Matryoshka":87,"Mummified Hand":55,"Gambling Chip":55,"Prayer Wheel":21,"Molten Egg 2":90,"Ectoplasm":41,"Bag of Marbles":21,"Red Mask":59,"InkBottle":87,"Ring of the Snake":0}],"InkBottle":[12],"Ring of the Snake":[50]},"card_choices":[{"not_picked":["Sucker Punch","Dodge and Roll"],"picked":"All Out Attack","floor":1},{"not_picked":["Bouncing Flask","Flying Knee"],"picked":"Well Laid Plans","floor":2},{"not_picked":["Sucker Punch","Distraction"],"picked":"Noxious Fumes","floor":3},{"not_picked":["Pray","Worship"],"picked":"Predator","floor":7},{"not_picked":["Consume","Stack","Thunder Strike"],"picked":"SKIP","floor":10},{"not_picked":["Conserve Battery","Defragment"],"picked":"Trip","floor":13},{"not_picked":["Crescendo","Adaptation"],"picked":"Feel No Pain","floor":14},{"not_picked":["Body Slam","Bane"],"picked":"Bandage Up","floor":14},{"not_picked":["Thunder Strike","Bullet Time"],"picked":"Brutality","floor":16},{"not_picked":["Uppercut","FlurryOfBlows"],"picked":"Blade Dance","floor":18},{"not_picked":["Dagger Spray","Combust","Lockon"],"picked":"SKIP","floor":18},{"not_picked":["FlyingSleeves","Study"],"picked":"Blasphemy","floor":20},{"not_picked":["FollowUp","Caltrops+1","Stack"],"picked":"SKIP","floor":20},{"not_picked":["Quick Slash","Masterful Stab"],"picked":"Pray+1","floor":22},{"not_picked":["Rampage","FlyingSleeves+1","Deflect"],"picked":"SKIP","floor":22},{"not_picked":["Poisoned Stab","Ball Lightning","EmptyFist"],"picked":"SKIP","floor":23},{"not_picked":["Distraction","Noxious Fumes","Riddle With Holes","Flying Knee","Blade Dance","Setup","Endless Agony","Accuracy","Slice","Prepared","Outmaneuver","Bouncing Flask","Infinite Blades","All Out Attack","Underhanded Strike","Blur","Deadly Poison","Escape Plan","Die Die Die"],"picked":"PiercingWail","floor":25},{"not_picked":["EmptyFist","Rip and Tear"],"picked":"WheelKick+1","floor":27},{"not_picked":["Dodge and Roll","Deflect"],"picked":"Hologram","floor":30},{"not_picked":["Streamline","Clash+1"],"picked":"Hyperbeam","floor":31},{"not_picked":["ClearTheMind","Iron Wave","Evaluate"],"picked":"SKIP","floor":31},{"not_picked":["Barricade","Echo Form"],"picked":"Vault","floor":33},{"not_picked":["Flex+1","Choke","Second Wind"],"picked":"SKIP","floor":35},{"not_picked":["Ball Lightning","Quick Slash+1","Havoc"],"picked":"SKIP","floor":35},{"not_picked":["Halt+1","Lockon+1","WreathOfFlame+1"],"picked":"SKIP","floor":36},{"not_picked":["Sweeping Beam","Wild Strike+1","Stack+1"],"picked":"SKIP","floor":36},{"not_picked":["Quick Slash","Deep Breath+1"],"picked":"Wraith Form v2","floor":38},{"not_picked":["Dagger Spray","Dropkick+1","Genetic Algorithm"],"picked":"SKIP","floor":38},{"not_picked":["Shrug It Off","CrushJoints","Finisher"],"picked":"SKIP","floor":39},{"not_picked":["Halt","Consecrate+1","Dagger Spray"],"picked":"SKIP","floor":39},{"not_picked":["Panacea","Redo+1"],"picked":"Blind","floor":40},{"not_picked":["CarveReality+1","ForeignInfluence"],"picked":"Acrobatics","floor":44},{"not_picked":["Crescendo+1","JustLucky+1"],"picked":"Skim+1","floor":46},{"not_picked":["Prepared","Evolve","Indignation"],"picked":"SKIP","floor":46},{"not_picked":["Armaments+1","Dagger Throw+1"],"picked":"Sanctity","floor":48},{"not_picked":["Noxious Fumes+1","Sword Boomerang+1"],"picked":"Accuracy+1","floor":48}],"player_experience":215550,"relics_obtained":[{"floor":7,"key":"Bag of Marbles"},{"floor":9,"key":"Prayer Wheel"},{"floor":10,"key":"Dream Catcher"},{"floor":13,"key":"Pen Nib"},{"floor":23,"key":"Gambling Chip"},{"floor":26,"key":"Mummified Hand"},{"floor":27,"key":"Orichalcum"},{"floor":30,"key":"Red Mask"},{"floor":40,"key":"Matryoshka"},{"floor":43,"key":"Oddly Smooth Stone"},{"floor":43,"key":"InkBottle"},{"floor":44,"key":"Molten Egg 2"}],"event_choices":[{"damage_healed":0,"gold_gain":175,"player_choice":"AGREE","damage_taken":0,"max_hp_gain":0,"max_hp_loss":0,"event_name":"Liars Game","floor":4,"gold_loss":0,"cards_obtained":["Doubt"]},{"cards_removed":["Defend_G"],"damage_healed":0,"gold_gain":0,"player_choice":"Card Removal","damage_taken":0,"max_hp_gain":0,"max_hp_loss":0,"event_name":"The Cleric","floor":11,"gold_loss":50},{"damage_healed":0,"gold_gain":0,"player_choice":"Ignored","damage_taken":0,"max_hp_gain":0,"max_hp_loss":0,"event_name":"The Mausoleum","floor":21,"gold_loss":0},{"damage_healed":0,"gold_gain":0,"player_choice":"Read","damage_taken":0,"max_hp_gain":0,"max_hp_loss":0,"event_name":"The Library","floor":25,"gold_loss":0,"cards_obtained":["PiercingWail"]},{"cards_removed":["Strike_G"],"damage_healed":0,"gold_gain":0,"player_choice":"Purged","damage_taken":0,"max_hp_gain":0,"max_hp_loss":0,"event_name":"Purifier","floor":28,"gold_loss":0},{"damage_healed":0,"gold_gain":0,"player_choice":"Fought Bandits","damage_taken":0,"max_hp_gain":0,"max_hp_loss":0,"event_name":"Masked Bandits","floor":30,"gold_loss":0},{"damage_healed":0,"gold_gain":0,"cards_transformed":["Defend_G"],"player_choice":"Transformed","damage_taken":0,"max_hp_gain":0,"max_hp_loss":0,"event_name":"Transmorgrifier","floor":37,"gold_loss":0,"cards_obtained":["Flying Knee"]},{"damage_healed":0,"gold_gain":0,"player_choice":"Embrace Madness","damage_taken":8,"max_hp_gain":0,"max_hp_loss":0,"event_name":"Winding Halls","floor":42,"gold_loss":0,"cards_obtained":["Madness","Madness"]}],"is_beta":false,"boss_relics":[{"not_picked":["Velvet Choker","SacredBark"],"picked":"Ectoplasm"},{"not_picked":["Busted Crown","Philosopher\u0027s Stone"],"picked":"Empty Cage"}],"items_purged_floors":[5,19],"is_endless":false,"potions_floor_spawned":[1,3,13,16,18,20,30,33,35,36,39,44,48],"ascension_level":0,"potion_discard_per_floor":[[],[],[],[],[],[],[],[],[],[],[],[],[],[],[],[],[],[],[],["Ancient Potion"],[],[],[],[],[],[],[],[],[],[],[],[],[],[],[],[],[],[],[],[],[],[],[],["Fire Potion"],[],[],[],[],[],[],[]]}