{"neow_bonuses_skipped_log":["UPGRADE_CARD","RANDOM_COMMON_RELIC","BOSS_RELIC"],"neow_costs_skipped_log":["NONE","NONE","NONE"],"potions_obtained_entropic_brew":[[],[],[],[],[],[],[],[],[],[],[],[],[],[],[],[],[],[],[],[],[],[],[],[],[],[],[],[],[],[],[],[],[],[],[],[],[],[],[],[],[],[],[],[],[],[],[],[],[],[]],"gold_per_floor":[111,127,139,21,32,32,45,45,45,103,115,115,146,162,162,241,241,261,278,294,305,114,114,127,157,157,190,202,214,258,281,293,379,391,417,454,478,504,516,559,571,609,621,656,680,692,721,733,745,757],"floor_reached":50,"playtime":5555,"items_purged":["Regret","Strike_G"],"score":1282,"play_id":"2bfbb383-cfaa-4da1-befd-1471ebc516f0","local_time":"20240718111253","falling_options_log":["Calculated Gamble+1","Caltrops"],"score_breakdown":["Floors Climbed (50): 250","Enemies Slain (18): 36","Exordium Elites Killed (1): 10","City Elites Killed (3): 60","Beyond Elites Killed (2): 60","Bosses Slain (2): 150","Money Money (1067): 25","Librarian: 25","Champion (2): 50","Ascension (20): 616"],"is_ascension_mode":true,"potions_obtained_alchemize":[[],[],[],[],[],[],[],[],[],[],[],[],[],[],[],[],[],[],[],[],[],[],[],[],[],[],[],[],[],[],[],[],[],[],[],[],[],[],[],[],[],[],[],[],[],[],[],[],[],[]],"campfire_choices":[{"data":"Apotheosis","floor":6.0,"key":"SMITH"},{"floor":12.0,"key":"REST"},{"data":"Calculated Gamble","floor":15.0,"key":"SMITH"},{"data":"Prepared","floor":23.0,"key":"SMITH"},{"data":"Doppelganger","floor":29.0,"key":"SMITH"},{"floor":32.0,"key":"REST"},{"floor":41,"key":"REST"},{"floor":46,"key":"RECALL"},{"floor":49,"key":"REST"}],"lesson_learned_per_floor":[[],[],[],[],[],[],[],[],[],[],[],[],[],[],[],[],[],[],[],[],[],[],[],[],[],[],[],[],[],[],[],[],[],[],[],[],[],[],[],[],[],[],[],[],[],[],[],[],[],[]],"neow_cost":"CURSE","improvable_cards":{},"seed_source_timestamp":234124971120334,"shop_contents":[{"floor":4,"relics":["Matryoshka","Mango","TheAbacus"],"cards":["Quick Slash","Crippling Poison","Deflect","Noxious Fumes","Impatience","Panache"],"potions":["SkillPotion","SpeedPotion","SkillPotion"]},{"floor":22,"relics":["Ornamental Fan","Darkstone Periapt","Strange Spoon"],"cards":["Poisoned Stab","Predator","Distraction","Outmaneuver","Noxious Fumes","Transmutation"],"potions":["SneckoOil","FearPotion","PowerPotion"]}],"circlet_count":0,"master_deck":["AscendersBane","Strike_G","Strike_G","Strike_G+1","Defend_G","Defend_G","Defend_G","Defend_G","Defend_G","Survivor","Neutralize","Apotheosis+1","Underhanded Strike","Calculated Gamble+1","Quick Slash","Predator","Terror","Masterful Stab","PiercingWail","Prepared+1","Corpse Explosion","Doppelganger+1","Catalyst","Blur","Caltrops","Dark Shackles","Blade Dance","Footwork+1","Deflect","Leg Sweep+1","Adrenaline","Backflip","Madness","Madness","Night Terror","PiercingWail"],"special_seed":0,"potion_use_per_floor":[[],[],[],[],[],[],[],[],[],[],[],[],["Poison Potion"],[],[],[],[],["GhostInAJar"],[],["Fire Potion"],[],[],[],[],["LiquidMemories"],[],[],[],[],[],[],[],["FairyPotion","SteroidPotion"],[],[],[],[],[],[],["SkillPotion"],[],[],[],[],[],[],[],[],[],["Swift Potion"]],"relics":["Ring of the Serpent","Happy Flower","Meat on the Bone","HornCleat","Ancient Tea Set","SacredBark","Toy Ornithopter","Bottled Lightning","MawBank","Blood Vial","Ginger","Whetstone","Pen Nib"],"potions_floor_usage":[40,50],"damage_taken":[{"damage":0.0,"enemies":"Cultist","floor":1.0,"turns":5.0},{"damage":14.0,"enemies":"Jaw Worm","floor":2.0,"turns":5.0},{"damage":14.0,"enemies":"Small Slimes","floor":3.0,"turns":3.0},{"damage":11.0,"enemies":"Exordium Wildlife","floor":5.0,"turns":5.0},{"damage":0.0,"enemies":"Blue Slaver","floor":7.0,"turns":3.0},{"damage":6.0,"enemies":"3 Sentries","floor":10.0,"turns":8.0},{"damage":1.0,"enemies":"2 Fungi Beasts","floor":11.0,"turns":3.0},{"damage":0.0,"enemies":"Lagavulin","floor":13.0,"turns":3.0},{"damage":0.0,"enemies":"Looter","floor":14.0,"turns":2.0},{"damage":12.0,"enemies":"Hexaghost","floor":16.0,"turns":7.0},{"damage":2.0,"enemies":"2 Thieves","floor":18.0,"turns":3.0},{"damage":5.0,"enemies":"Chosen","floor":19.0,"turns":4.0},{"damage":1.0,"enemies":"Snake Plant","floor":20.0,"turns":3.0},{"damage":21.0,"enemies":"Centurion and Healer","floor":21.0,"turns":4.0},{"damage":13.0,"enemies":"Sentry and Sphere","floor":24.0,"turns":5.0},{"damage":14.0,"enemies":"Slavers","floor":25.0,"turns":4.0},{"damage":7.0,"enemies":"Gremlin Leader","floor":27.0,"turns":7.0},{"damage":13.0,"enemies":"Slavers","floor":30.0,"turns":3.0},{"damage":29.0,"enemies":"Cultist and Chosen","floor":31.0,"turns":6.0},{"damage":83.0,"enemies":"Collector","floor":33.0,"turns":13.0},{"damage":0.0,"enemies":"3 Shapes","floor":35.0,"turns":5.0},{"damage":0.0,"enemies":"Mind Bloom Boss Battle","floor":36.0,"turns":4.0},{"damage":2.0,"enemies":"3 Darklings","floor":37.0,"turns":4.0},{"damage":34.0,"enemies":"Transient","floor":38.0,"turns":6.0},{"damage":21,"enemies":"Nemesis","floor":40,"turns":13},{"damage":0,"enemies":"Reptomancer","floor":42,"turns":5},{"damage":5,"enemies":"Writhing Mass","floor":45,"turns":8},{"damage":0,"enemies":"Maw","floor":47,"turns":7},{"damage":82,"enemies":"Time Eater","floor":50,"turns":17}],"green_key_taken_log":13,"seed_played":"-250884480688533954","neow_bonus_log":{"cardsObtained":["Regret"],"cardsUpgraded":[],"cardsRemoved":[],"cardsTransformed":[],"relicsObtained":[],"maxHpGained":0,"goldGained":0,"damageTaken":0,"goldLost":0,"maxHpLost":0},"potions_obtained":[{"floor":3.0,"key":"GhostInAJar"},{"floor":5.0,"key":"Poison Potion"},{"floor":13.0,"key":"Energy Potion"},{"floor":14.0,"key":"FairyPotion"},{"floor":19.0,"key":"Fire Potion"},{"floor":21.0,"key":"LiquidMemories"},{"floor":25.0,"key":"SteroidPotion"},{"floor":33.0,"key":"SkillPotion"},{"floor":36.0,"key":"Ancient Potion"},{"floor":40,"key":"Swift Potion"}],"is_trial":false,"path_per_floor":["M","M","M","$","M","R","M","?","T","?","M","R","E","M","R","B",null,"M","M","M","M","$","R","M","E","T","E","?","R","E","M","R","B",null,"M","?","M","M","?","E","R","E","T","T","M","R","M","?","R","B"],"character_chosen":"THE_SILENT","basemod:card_modifiers":[null,null,null,null,null,null,null,null,null,null,null,null,null,null,null,null,null,null,null,null,null,null,null,null,null,null,null,null,null,null,null,null,null,null,null,null],"items_purchased":["Predator","Dark Shackles"],"campfire_rested":4,"item_purchase_floors":[4,22],"current_hp_per_floor":[59,45,31,31,20,20,20,20,20,14,25,44,44,44,44,44,61,59,54,53,44,44,44,43,41,41,34,34,34,33,18,37,34,58,60,62,62,42,30,28,47,49,49,49,46,46,48,48,66,0],"gold":757,"neow_bonus":"RANDOM_COLORLESS_2","is_prod":false,"is_daily":false,"rewards_skipped":[{"floor":30,"relics":[],"potions":["Regen Potion"]},{"floor":42,"relics":[],"potions":["Weak Potion"]}],"chose_seed":false,"campfire_upgraded":4,"win_rate":0,"floor_exit_playtime":[115,185,231,246,311,321,367,396,399,524,572,584,640,689,696,910,989,1100,1197,1299,1414,1582,1598,1773,2082,2089,2311,2314,2334,2789,2900,2912,3472,3630,3725,3817,3915,4094,4117,4444,4474,4713,4724,4735,4927,4931,5081,5090,5138],"timestamp":1721315573,"blue_key_relic_skipped_log":{"floor":43,"relicID":"Ninja Scroll"},"path_taken":["M","M","M","$","M","R","M","?","T","?","M","R","E","M","R","BOSS","M","M","?","M","$","R","M","E","T","E","?","R","E","M","R","BOSS","M","?","M","M","?","E","R","E","T","?","M","R","?","?","R","BOSS"],"build_version":"2022-12-01","purchased_purges":2,"victory":false,"max_hp_per_floor":[66,66,66,66,66,66,66,66,66,66,66,66,66,66,66,66,66,66,66,66,66,66,66,66,66,66,66,66,66,66,66,66,66,66,66,66,66,66,66,66,66,66,66,66,66,66,66,66,66,66],"relic_stats":{"Blood Vial":20,"Happy Flower":[12],"counters":[29,165],"Pen Nib":[4],"Bottled Lightning":"Apotheosis","Ginger":[11],"Whetstone":["Strike_G","Strike_G"],"Ancient Tea Set":[14],"MawBank":276,"obtain_stats":[{"Happy Flower":40,"SacredBark":17,"Pen Nib":44,"Ginger":36,"Whetstone":42,"Ancient Tea Set":13,"MawBank":27,"Blood Vial":30,"HornCleat":9,"Bottled Lightning":26,"Toy Ornithopter":25,"Ring of the Serpent":34,"Ring of the Snake":0,"Meat on the Bone":10},{"Happy Flower":25,"SacredBark":10,"Pen Nib":26,"Ginger":22,"Whetstone":26,"Ancient Tea Set":8,"MawBank":17,"Blood Vial":18,"HornCleat":5,"Bottled Lightning":16,"Toy Ornithopter":16,"Ring of the Serpent":20,"Ring of the Snake":0,"Meat on the Bone":6},{"Happy Flower":128,"SacredBark":44,"Pen Nib":133,"Ginger":105,"Whetstone":133,"Ancient Tea Set":35,"MawBank":74,"Blood Vial":77,"HornCleat":21,"Bottled Lightning":67,"Toy Ornithopter":67,"Ring of the Serpent":96,"Ring of the Snake":0,"Meat on the Bone":29}],"Toy Ornithopter":15,"Meat on the Bone":120},"card_choices":[{"not_picked":["Thinking Ahead","Secret Technique"],"picked":"Apotheosis","floor":0.0},{"not_picked":["Cloak And Dagger","Leg Sweep"],"picked":"Underhanded Strike","floor":1.0},{"not_picked":["Dagger Spray","Well Laid Plans"],"picked":"Calculated Gamble","floor":2.0},{"not_picked":["Slice","Leg Sweep"],"picked":"Quick Slash","floor":3.0},{"not_picked":["Blade Dance","Glass Knife"],"picked":"Terror","floor":5.0},{"not_picked":["Cloak And Dagger","Dodge and Roll"],"picked":"Masterful Stab","floor":7.0},{"not_picked":["Quick Slash","Accuracy"],"picked":"PiercingWail","floor":10.0},{"not_picked":["Quick Slash","Poisoned Stab"],"picked":"Prepared","floor":11.0},{"not_picked":["Dagger Spray","Bane"],"picked":"Corpse Explosion","floor":13.0},{"not_picked":["Cloak And Dagger","Poisoned Stab"],"picked":"Doppelganger","floor":14.0},{"not_picked":["Unload","A Thousand Cuts","Night Terror"],"picked":"SKIP","floor":16.0},{"not_picked":["Underhanded Strike+1","Dagger Throw+1"],"picked":"Catalyst","floor":18.0},{"not_picked":["Cloak And Dagger","Flechettes"],"picked":"Blur","floor":19.0},{"not_picked":["Slice+1","Reflex"],"picked":"Caltrops","floor":20.0},{"not_picked":["Flying Knee","Quick Slash","Outmaneuver"],"picked":"SKIP","floor":21.0},{"not_picked":["Flying Knee","Quick Slash","Outmaneuver"],"picked":"SKIP","floor":21.0},{"not_picked":["Flying Knee","Quick Slash","Outmaneuver"],"picked":"SKIP","floor":21.0},{"not_picked":["All Out Attack","Blade Dance+1","Flying Knee"],"picked":"SKIP","floor":24.0},{"not_picked":["Envenom","Skewer"],"picked":"Blade Dance","floor":25.0},{"not_picked":["Poisoned Stab","Deflect"],"picked":"Footwork+1","floor":27.0},{"not_picked":["Endless Agony","Underhanded Strike"],"picked":"Deflect","floor":30.0},{"not_picked":["PiercingWail","Cloak And Dagger+1"],"picked":"Leg Sweep+1","floor":31.0},{"not_picked":["Night Terror","A Thousand Cuts"],"picked":"Adrenaline","floor":33.0},{"not_picked":["Underhanded Strike","Poisoned Stab","Slice"],"picked":"SKIP","floor":35.0},{"not_picked":["Underhanded Strike","Eviscerate+1"],"picked":"Backflip","floor":36.0},{"not_picked":["Deflect","Blade Dance","Outmaneuver"],"picked":"SKIP","floor":37.0},{"not_picked":["Bane+1","Dagger Throw","Deadly Poison+1"],"picked":"SKIP","floor":38.0},{"not_picked":["Prepared","Escape Plan"],"picked":"Night Terror","floor":40},{"not_picked":["Blade Dance","Bane","Leg Sweep"],"picked":"SKIP","floor":42},{"not_picked":["Flying Knee+1","Dagger Throw"],"picked":"PiercingWail","floor":45},{"not_picked":["Cloak And Dagger","Dagger Throw+1","Deflect+1"],"picked":"SKIP","floor":47}],"player_experience":109867,"relics_obtained":[{"floor":9.0,"key":"HornCleat"},{"floor":10.0,"key":"Meat on the Bone"},{"floor":13.0,"key":"Ancient Tea Set"},{"floor":25.0,"key":"Toy Ornithopter"},{"floor":26.0,"key":"Bottled Lightning"},{"floor":27.0,"key":"MawBank"},{"floor":30.0,"key":"Blood Vial"},{"floor":36.0,"key":"Ginger"},{"floor":40,"key":"Happy Flower"},{"floor":42,"key":"Whetstone"},{"floor":44,"key":"Pen Nib"}],"event_choices":[{"damage_healed":0.0,"max_hp_gain":0.0,"max_hp_loss":0.0,"gold_gain":0.0,"event_name":"Scrap Ooze","player_choice":"Fled","floor":8.0,"gold_loss":0.0,"damage_taken":0.0},{"damage_healed":0.0,"max_hp_gain":0.0,"max_hp_loss":0.0,"gold_gain":0.0,"event_name":"Dead Adventurer","player_choice":"Searched \u00271\u0027 times","floor":10.0,"gold_loss":0.0,"damage_taken":0.0},{"damage_healed":0.0,"max_hp_gain":0.0,"max_hp_loss":0.0,"gold_gain":0.0,"event_name":"The Mausoleum","player_choice":"Ignored","floor":28.0,"gold_loss":0.0,"damage_taken":0.0},{"damage_healed":0.0,"max_hp_gain":0.0,"max_hp_loss":0.0,"gold_gain":0.0,"event_name":"MindBloom","player_choice":"Fight","floor":36.0,"gold_loss":0.0,"damage_taken":0.0},{"damage_healed":0.0,"max_hp_gain":0.0,"max_hp_loss":0.0,"gold_gain":0.0,"event_name":"Winding Halls","player_choice":"Embrace Madness","floor":39.0,"gold_loss":0.0,"damage_taken":12.0,"cards_obtained":["Madness","Madness"]},{"cards_removed":["Strike_G"],"damage_healed":0,"gold_gain":0,"player_choice":"Removed Attack","damage_taken":0,"max_hp_gain":0,"max_hp_loss":0,"event_name":"Falling","floor":48,"gold_loss":0}],"is_beta":false,"boss_relics":[{"not_picked":["SlaversCollar","Sozu"],"picked":"SacredBark"},{"not_picked":["Black Star","Velvet Choker"],"picked":"Ring of the Serpent"}],"items_purged_floors":[4,22],"is_endless":false,"potions_floor_spawned":[3,5,13,14,19,21,25,30,33,36,40,42],"killed_by":"Time Eater","ascension_level":20,"potion_discard_per_floor":[[],[],[],[],[],[],[],[],[],[],[],[],[],["Energy Potion"],[],[],[],[],[],[],[],[],[],[],[],[],[],[],[],[],[],[],[],[],[],[],[],[],[],[],[],[],[],[],[],[],[],[],[],[]]}