{"neow_bonuses_skipped_log":["TRANSFORM_CARD","THREE_ENEMY_KILL","BOSS_RELIC"],"neow_costs_skipped_log":["NONE","NONE","NONE"],"potions_obtained_entropic_brew":[[],[],[],[],[],[],["Explosive Potion","SteroidPotion"],[],[],[],[],[],[],[],[],[],[],[],[],[],[],[],[],[],[],[],[],[],[],[],[],[],[]],"gold_per_floor":[118,137,137,157,47,59,59,85,85,85,97,97,97,132,132,206,206,221,239,250,265,50,50,67,67,145,31,59,79,79,105,105,105],"floor_reached":33,"playtime":2570,"items_purged":["Strike_G"],"score":554,"play_id":"5c20150f-8e33-4d1b-b893-7fe429178947","local_time":"20240715100801","score_breakdown":["Floors Climbed (33): 165","Enemies Slain (11): 22","Exordium Elites Killed (2): 20","City Elites Killed (1): 20","Bosses Slain (1): 50","Ascension (20): 277"],"is_ascension_mode":true,"potions_obtained_alchemize":[[],[],[],[],[],[],[],[],[],[],[],[],[],[],[],[],[],[],[],[],[],[],[],[],[],[],[],[],[],[],[],[],[]],"campfire_choices":[{"data":"Skewer","floor":7.0,"key":"SMITH"},{"data":"Dagger Spray","floor":10.0,"key":"SMITH"},{"floor":12.0,"key":"REST"},{"data":"Phantasmal Killer","floor":15.0,"key":"SMITH"},{"data":"Night Terror","floor":23.0,"key":"SMITH"},{"floor":25,"key":"REST"},{"data":"Well Laid Plans","floor":30,"key":"SMITH"},{"floor":32,"key":"REST"}],"lesson_learned_per_floor":[[],[],[],[],[],[],[],[],[],[],[],[],[],[],[],[],[],[],[],[],[],[],[],[],[],[],[],[],[],[],[],[],[]],"neow_cost":"TEN_PERCENT_HP_LOSS","improvable_cards":{},"seed_source_timestamp":48150979935584,"shop_contents":[{"floor":22,"relics":["Whetstone","Blue Candle","Sling"],"cards":["Choke","Poisoned Stab","Corpse Explosion","Discovery","Mayhem"],"potions":["Regen Potion","FearPotion","GhostInAJar"]},{"floor":27,"relics":["Torii","Happy Flower","Frozen Eye"],"cards":["Quick Slash","Masterful Stab","Acrobatics","Accuracy","Dark Shackles","Sadistic Nature"],"potions":["Explosive Potion","LiquidMemories"]}],"circlet_count":0,"master_deck":["AscendersBane","Strike_G","Strike_G","Defend_G","Defend_G","Defend_G","Defend_G","Survivor+1","Neutralize","Phantasmal Killer+1","Skewer+1","Crippling Poison","Blade Dance","Noxious Fumes","Dagger Spray+1","Dagger Throw","PiercingWail","Adrenaline+1","Night Terror+1","Predator","Acrobatics","Well Laid Plans+1","PiercingWail","Accuracy+1","Blade Dance"],"special_seed":0,"potion_use_per_floor":[[],[],[],[],[],[],["EntropicBrew"],["Explosive Potion"],[],[],[],["Fruit Juice"],[],["SteroidPotion"],[],[],[],[],[],[],[],[],[],["PowerPotion"],[],[],[],["Energy Potion"],["CunningPotion"],[],[],["Fruit Juice"],[]],"relics":["Ring of the Serpent","Letter Opener","Art of War","Gremlin Horn","War Paint","Meat on the Bone","Prayer Wheel","Omamori"],"potions_floor_usage":[24,28,29,32],"damage_taken":[{"damage":2.0,"enemies":"Small Slimes","floor":1.0,"turns":5.0},{"damage":4.0,"enemies":"Jaw Worm","floor":2.0,"turns":4.0},{"damage":1.0,"enemies":"Cultist","floor":4.0,"turns":3.0},{"damage":4.0,"enemies":"3 Louse","floor":6.0,"turns":3.0},{"damage":15.0,"enemies":"3 Sentries","floor":8.0,"turns":4.0},{"damage":13.0,"enemies":"Exordium Wildlife","floor":11.0,"turns":4.0},{"damage":20.0,"enemies":"Lagavulin","floor":14.0,"turns":4.0},{"damage":23.0,"enemies":"Slime Boss","floor":16.0,"turns":7.0},{"damage":5.0,"enemies":"Spheric Guardian","floor":18.0,"turns":3.0},{"damage":6.0,"enemies":"Shell Parasite","floor":19.0,"turns":4.0},{"damage":5.0,"enemies":"3 Cultists","floor":20.0,"turns":4.0},{"damage":9.0,"enemies":"Snecko","floor":21.0,"turns":4.0},{"damage":15,"enemies":"Centurion and Healer","floor":24,"turns":3},{"damage":14,"enemies":"Slavers","floor":28,"turns":4},{"damage":31,"enemies":"Chosen and Byrds","floor":29,"turns":6},{"damage":43,"enemies":"Collector","floor":33,"turns":6}],"seed_played":"8626441406407060890","neow_bonus_log":{"cardsObtained":["Phantasmal Killer","Skewer"],"cardsUpgraded":[],"cardsRemoved":[],"cardsTransformed":["Defend_G","Strike_G"],"relicsObtained":[],"maxHpGained":0,"goldGained":0,"damageTaken":0,"goldLost":0,"maxHpLost":6},"potions_obtained":[{"floor":4.0,"key":"EntropicBrew"},{"floor":11.0,"key":"Fruit Juice"},{"floor":20.0,"key":"PowerPotion"},{"floor":21.0,"key":"CunningPotion"},{"floor":29,"key":"Fruit Juice"}],"is_trial":false,"path_per_floor":["M","M","?","M","?","M","R","E","T","R","M","R","?","E","R","B",null,"M","M","M","M","$","R","M","R","T","$","E","M","R","T","R","B"],"character_chosen":"THE_SILENT","basemod:card_modifiers":[null,null,null,null,null,null,null,null,null,null,null,null,null,null,null,null,null,null,null,null,null,null,null,null,null],"items_purchased":["Acrobatics","Well Laid Plans","Energy Potion","PiercingWail"],"campfire_rested":3,"item_purchase_floors":[22,22,27,27],"current_hp_per_floor":[57,53,53,52,52,48,48,33,33,33,20,44,49,29,29,6,54,49,43,38,29,29,29,14,35,35,35,33,14,14,14,41,0],"gold":105,"neow_bonus":"TRANSFORM_TWO_CARDS","is_prod":false,"is_daily":false,"rewards_skipped":[],"chose_seed":false,"campfire_upgraded":5,"win_rate":0,"floor_exit_playtime":[230,269,317,356,388,452,482,604,608,654,836,842,862,957,968,1109,1176,1273,1374,1469,1543,1606,1638,1717,1721,1725,1790,2004,2302,2317,2322,2326],"timestamp":1721052481,"path_taken":["M","M","?","M","?","M","R","E","T","R","M","R","?","E","R","BOSS","M","M","M","M","$","R","M","R","T","$","E","M","R","?","R","BOSS"],"build_version":"2022-12-01","purchased_purges":1,"victory":false,"max_hp_per_floor":[60,60,60,60,60,60,60,60,60,60,60,65,70,70,70,70,70,70,70,70,70,70,70,70,70,70,70,70,70,70,70,75,75],"relic_stats":{"Gremlin Horn":[15,15],"counters":[16,68],"Prayer Wheel":1,"Art of War":[3],"Omamori":0,"Letter Opener":[135],"War Paint":["Survivor","Adrenaline"],"obtain_stats":[{"Gremlin Horn":5,"Prayer Wheel":28,"Art of War":8,"Omamori":31,"Letter Opener":9,"War Paint":14,"Ring of the Serpent":17,"Ring of the Snake":0,"Meat on the Bone":26},{"Gremlin Horn":3,"Prayer Wheel":14,"Art of War":5,"Omamori":15,"Letter Opener":5,"War Paint":7,"Ring of the Serpent":8,"Ring of the Snake":0,"Meat on the Bone":13},{"Gremlin Horn":12,"Prayer Wheel":56,"Art of War":19,"Omamori":62,"Letter Opener":19,"War Paint":27,"Ring of the Serpent":34,"Ring of the Snake":0,"Meat on the Bone":52}],"Meat on the Bone":24},"card_choices":[{"not_picked":["Caltrops","Skewer"],"picked":"Crippling Poison","floor":1.0},{"not_picked":["Noxious Fumes","Poisoned Stab"],"picked":"Blade Dance","floor":2.0},{"not_picked":["Blade Dance","Reflex"],"picked":"Dagger Spray","floor":4.0},{"not_picked":["Bane","Setup","Tactician"],"picked":"SKIP","floor":6.0},{"not_picked":["Underhanded Strike","Caltrops"],"picked":"Dagger Throw","floor":8.0},{"not_picked":["Acrobatics","Prepared"],"picked":"PiercingWail","floor":11.0},{"not_picked":["Doppelganger","Outmaneuver"],"picked":"Adrenaline","floor":14.0},{"not_picked":["A Thousand Cuts","Doppelganger"],"picked":"Night Terror","floor":16.0},{"not_picked":["Deflect+1","Quick Slash"],"picked":"Predator","floor":18.0},{"not_picked":["Dagger Spray","Sucker Punch+1","Choke"],"picked":"SKIP","floor":19.0},{"not_picked":["Poisoned Stab","Quick Slash","Sucker Punch"],"picked":"SKIP","floor":20.0},{"not_picked":["Catalyst","Distraction","Blade Dance"],"picked":"SKIP","floor":21.0},{"not_picked":["Cloak And Dagger","Reflex","Distraction+1"],"picked":"SKIP","floor":24},{"not_picked":["Dash","Night Terror","Deflect"],"picked":"SKIP","floor":28},{"not_picked":["PiercingWail","Dagger Throw"],"picked":"Accuracy+1","floor":29},{"not_picked":["Poisoned Stab","Dodge and Roll"],"picked":"Blade Dance","floor":29}],"player_experience":94771,"relics_obtained":[{"floor":8.0,"key":"Art of War"},{"floor":9.0,"key":"Letter Opener"},{"floor":14.0,"key":"War Paint"},{"floor":26,"key":"Meat on the Bone"},{"floor":28,"key":"Prayer Wheel"},{"floor":31,"key":"Omamori"}],"event_choices":[{"damage_healed":0.0,"max_hp_gain":0.0,"max_hp_loss":0.0,"gold_gain":0.0,"cards_transformed":["Strike_G"],"event_name":"Living Wall","player_choice":"Change","floor":3.0,"gold_loss":0.0,"damage_taken":0.0,"cards_obtained":["Noxious Fumes"]},{"damage_healed":0.0,"max_hp_gain":0.0,"max_hp_loss":0.0,"gold_gain":0.0,"event_name":"WeMeetAgain","player_choice":"Paid Gold","floor":5.0,"gold_loss":110.0,"damage_taken":0.0,"relics_obtained":["Gremlin Horn"]},{"damage_healed":0.0,"max_hp_gain":5.0,"max_hp_loss":0.0,"gold_gain":0.0,"event_name":"Big Fish","player_choice":"Donut","floor":13.0,"gold_loss":0.0,"damage_taken":0.0}],"is_beta":false,"boss_relics":[{"not_picked":["Runic Dome","Ectoplasm"],"picked":"Ring of the Serpent"}],"items_purged_floors":[22],"is_endless":false,"potions_floor_spawned":[4,11,20,21,29],"killed_by":"Collector","ascension_level":20,"potion_discard_per_floor":[[],[],[],[],[],[],[],[],[],[],[],[],[],[],[],[],[],[],[],[],[],[],[],[],[],[],[],[],[],[],[],[],[]]}