{"neow_bonuses_skipped_log":["TRANSFORM_CARD","THREE_RARE_CARDS","BOSS_RELIC"],"neow_costs_skipped_log":["NONE","NO_GOLD","NONE"],"potions_obtained_entropic_brew":[[],[],[],[],[],[],[],[],[],[],[],[],[],[],[],[]],"gold_per_floor":[215,233,251,40,40,74,74,108,108,123,123,23,49,106,106,106],"floor_reached":16,"playtime":1414,"items_purged":[],"score":286,"play_id":"e01aa2cf-5399-44ab-9e2e-f30fe2134f45","local_time":"20240715212913","score_breakdown":["Floors Climbed (16): 80","Enemies Slain (4): 8","Exordium Elites Killed (3): 30","Bosses Slain (0): 0","Champion (1): 25","Ascension (20): 143"],"is_ascension_mode":true,"potions_obtained_alchemize":[[],[],[],[],[],[],[],[],[],[],[],[],[],[],[],[]],"campfire_choices":[{"data":"Blade Dance","floor":7,"key":"SMITH"},{"data":"Endless Agony","floor":11,"key":"SMITH"},{"data":"Eviscerate","floor":15,"key":"SMITH"}],"lesson_learned_per_floor":[[],[],[],[],[],[],[],[],[],[],[],[],[],[],[],[]],"neow_cost":"NONE","improvable_cards":{},"seed_source_timestamp":90589572455042,"shop_contents":[{"floor":4,"relics":["Art of War","HornCleat","Frozen Eye"],"cards":["Heel Hook","After Image","Jack Of All Trades","Master of Strategy"],"potions":["SpeedPotion","DuplicationPotion"]},{"floor":12,"relics":["White Beast Statue","Toxic Egg 2","TheAbacus"],"cards":["Backstab","Malaise","Terror","Infinite Blades","Dramatic Entrance","Master of Strategy"],"potions":["Block Potion","Poison Potion"]}],"circlet_count":0,"master_deck":["AscendersBane","Strike_G","Strike_G","Strike_G","Strike_G","Strike_G","Defend_G","Defend_G","Defend_G","Defend_G","Defend_G","Survivor","Neutralize","Quick Slash","Endless Agony+1","Backflip","Blade Dance+1","All Out Attack+1","Footwork","PiercingWail","Eviscerate+1","Phantasmal Killer","Well Laid Plans"],"potion_use_per_floor":[[],[],[],[],[],["PowerPotion"],[],["CultistPotion"],[],[],[],[],[],["SteroidPotion"],[],["Dexterity Potion","Swift Potion"]],"relics":["Ring of the Snake","PreservedInsect","Tough Bandages","Singing Bowl","Molten Egg 2","Strawberry"],"potions_floor_usage":[6,8,14,16,16],"damage_taken":[{"damage":0,"enemies":"2 Louse","floor":1,"turns":4},{"damage":0,"enemies":"Jaw Worm","floor":2,"turns":5},{"damage":0,"enemies":"Small Slimes","floor":3,"turns":3},{"damage":2,"enemies":"3 Sentries","floor":6,"turns":3},{"damage":13,"enemies":"Lagavulin","floor":8,"turns":5},{"damage":0,"enemies":"3 Louse","floor":10,"turns":2},{"damage":0,"enemies":"3 Sentries","floor":13,"turns":4},{"damage":0,"enemies":"Gremlin Nob","floor":14,"turns":3},{"damage":67,"enemies":"Slime Boss","floor":16,"turns":9}],"green_key_taken_log":13,"seed_played":"-7847845486149529606","neow_bonus_log":{"cardsObtained":[],"cardsUpgraded":[],"cardsRemoved":[],"cardsTransformed":[],"relicsObtained":[],"maxHpGained":0,"goldGained":100,"damageTaken":0,"goldLost":0,"maxHpLost":0},"potions_obtained":[{"floor":2,"key":"CultistPotion"},{"floor":6,"key":"Swift Potion"},{"floor":14,"key":"Dexterity Potion"}],"is_trial":false,"path_per_floor":["M","M","M","$","?","E","R","E","T","M","R","$","E","?","R","B"],"character_chosen":"THE_SILENT","basemod:card_modifiers":[null,null,null,null,null,null,null,null,null,null,null,null,null,null,null,null,null,null,null,null,null,null,null],"items_purchased":["PowerPotion","Backflip","Blade Dance","All Out Attack","Eviscerate","SteroidPotion"],"campfire_rested":0,"item_purchase_floors":[4,4,4,4,12,12],"current_hp_per_floor":[59,59,59,59,59,57,57,44,44,44,44,44,44,51,51,0],"gold":106,"neow_bonus":"HUNDRED_GOLD","is_prod":false,"is_daily":false,"rewards_skipped":[],"chose_seed":false,"campfire_upgraded":3,"win_rate":0,"floor_exit_playtime":[114,183,240,287,301,616,626,716,720,765,796,836,1069,1205,1219],"timestamp":1721093353,"path_taken":["M","M","M","$","?","E","R","E","T","M","R","$","E","?","R","BOSS"],"build_version":"2022-12-01","purchased_purges":0,"victory":false,"max_hp_per_floor":[66,66,66,66,66,66,66,66,66,66,66,66,66,73,73,73],"relic_stats":{"Tough Bandages":[21],"Singing Bowl":0,"counters":[9,38],"PreservedInsect":82,"obtain_stats":[{"Tough Bandages":8,"Singing Bowl":9,"Strawberry":14,"Molten Egg 2":13,"PreservedInsect":6,"Ring of the Snake":0},{"Tough Bandages":5,"Singing Bowl":5,"Strawberry":7,"Molten Egg 2":7,"PreservedInsect":4,"Ring of the Snake":0},{"Tough Bandages":20,"Singing Bowl":20,"Strawberry":26,"Molten Egg 2":26,"PreservedInsect":15,"Ring of the Snake":0}],"Ring of the Snake":[19]},"card_choices":[{"not_picked":["Outmaneuver","Cloak And Dagger"],"picked":"Quick Slash","floor":1},{"not_picked":["Leg Sweep","Catalyst"],"picked":"Endless Agony","floor":2},{"not_picked":["Prepared","Outmaneuver","Deflect"],"picked":"SKIP","floor":3},{"not_picked":["Quick Slash","Cloak And Dagger"],"picked":"Footwork","floor":6},{"not_picked":["Cloak And Dagger","Dodge and Roll","Escape Plan"],"picked":"SKIP","floor":8},{"not_picked":["Burst","Noxious Fumes"],"picked":"PiercingWail","floor":10},{"not_picked":["Masterful Stab+1","Bouncing Flask"],"picked":"Phantasmal Killer","floor":13},{"not_picked":["Flying Knee+1","Flechettes+1"],"picked":"Well Laid Plans","floor":14}],"player_experience":97900,"relics_obtained":[{"floor":6,"key":"PreservedInsect"},{"floor":8,"key":"Tough Bandages"},{"floor":9,"key":"Singing Bowl"},{"floor":13,"key":"Molten Egg 2"}],"event_choices":[{"damage_healed":0,"gold_gain":0,"player_choice":"Upgraded","damage_taken":0,"max_hp_gain":0,"max_hp_loss":0,"event_name":"Upgrade Shrine","floor":5,"gold_loss":0,"cards_upgraded":["All Out Attack"]},{"damage_healed":0,"gold_gain":0,"player_choice":"Searched \u00273\u0027 times","damage_taken":0,"relics_obtained":["Strawberry"],"max_hp_gain":0,"max_hp_loss":0,"event_name":"Dead Adventurer","floor":14,"gold_loss":0}],"is_beta":false,"boss_relics":[],"items_purged_floors":[],"is_endless":false,"potions_floor_spawned":[2,6,14],"killed_by":"Slime Boss","ascension_level":20,"potion_discard_per_floor":[[],[],[],[],[],[],[],[],[],[],[],[],[],[],[],[]]}